3040 4852
692 245 750 326 ,63

165 442 263 502 omnis
284 441 399 520 scripte,
423 439 460 500 dc
482 459 608 520 quorum
629 421 928 514 auctoro'dubitatur,
952 439 1081 499 maxime
1103 439 1245 499 secedere
1259 431 1289 518 ⁹⁵)

164 543 201 604 sd
216 543 385 604 Aristotelis
401 551 431 603 et
446 551 563 622 tempus
586 551 615 601 et
638 541 756 602 dicendi
776 541 928 604 rationem.
968 541 1194 621 Theophrastus
1217 539 1290 618 (mo-

163 663 217 706 neo
238 645 276 706 de
299 645 407 705 telihus
432 645 521 704 rebus
543 665 619 725 quse
641 645 779 704 minimae
802 643 940 703 videntur
955 645 1026 722 quia
1048 663 1087 701 ex
1109 645 1145 703 iis
1160 643 1289 702 maxime

163 748 337 829 perspicitur
358 745 428 826 quid
452 749 558 827 cuique
577 748 710 826 scriptori
735 748 885 826 proprium
902 739 953 827 sit)
975 745 1063 805 simili
1078 745 1176 816 modo,
1198 727 1288 824 etque
1369 801 1371 808 ,

153 841 338 910 'Aristotcles
371 833 431 906 mlv
449 841 476 904 sl
497 867 545 918 τις
578 850 629 908 vel
662 845 717 904 καὶ
741 842 846 919 εἴτις,
881 844 938 904 nol
958 847 983 904 εἰ
1014 839 1052 914 du'
1073 866 1121 916 τις
1155 844 1287 909 adhibet

162 949 208 1014 Of.
233 951 334 1010 histor.
357 951 447 1030 plent.
476 950 518 1012 ΙΙ.
548 948 643 1014 1..3:
679 937 762 1020 αὕτη
789 943 849 1028 γὰρ
883 940 948 1006 οὐδ’
983 939 1050 1006 ἀπὸ
1080 953 1136 1018 τῆς
1164 939 1290 1030 πρώρας

161 1041 230 1110 c'tt'
254 1042 319 1110 ἀπὸ
353 1055 414 1109 τοῦ
447 1043 606 1128 κλήματος
627 1045 742 1133 φύεται
770 1047 825 1108 καὶ
848 1049 874 1108 εἰ
896 1044 943 1120 dtj'
957 1072 990 1108 τι
1011 1056 1161 1108 τοιοῦτον
1182 1044 1289 1130 ἕτερον

162 1139 328 1232 dds'vdpov
350 1141 366 1222 ἢ
389 1145 596 1232 φρυνανῶδες.
643 1155 683 1216 [Ι.
707 1153 735 1216 2.
754 1153 815 1218 ,1οε
849 1148 998 1232 καθάπερ
1032 1145 1223 1231 τό·πέρσιον
1245 1141 1288 1208 τό

161 1251 191 1325 ἐξ
211 1247 379 1333 Αἰγύπτόυ
401 1251 454 1311 καὶ
477 1249 495 1321 ὁ
517 1252 623 1334 φοῖνιξ
644 1257 676 1313 ἐν
696 1261 737 1333 τῇ
754 1247 887 1314 Ἑλλάδι
909 1251 962 1312 καὶ
985 1248 1071 1323 εἶ’δή
1092 1273 1143 1322 τις-
1159 1249 1290 1336 κομίσειε

160 1349 219 1426 τὴν
241 1354 272 1414 ἐν
296 1352 402 1437 Κρήτῃ
422 1350 588 1432 λεγομένην
610 1351 755 1434 αἴγειρον.
800 1359 860 1419 Ill.
884 1355 913 1419 2.
937 1358 970 1418 l:
995 1343 1132 1414 ἅπαντα
1154 1347 1215 1434 γάρ
1237 1343 1288 1411 od-

161 1479 222 1530 τως
234 1451 318 1530 πλήν
334 1452 360 1514 si'
378 1477 412 1514 τι
434 1448 575 1524 σπάνιον
597 1446 702 1538 ὥσπερ
723 1455 775 1516 ἐπὶ
796 1465 862 1518 τῶν
877 1455 1024 1538 κρανείων
1047 1455 1100 1514 καὶ
1116 1449 1181 1518 cdv
1196 1448 1286 1518 οῧων.

161 1566 267 1620 ταῦτα
291 1553 354 1639 γάρ
376 1554 415 1628 δή
442 1558 745 1640 consumatum
777 1557 831 1618 καὶ
852 1553 989 1630 ἦδύτερα
1025 1553 1070 1617 τά
1106 1550 1200 1640 ἄγρια
1223 1550 1289 1617 τῶν

128 1731 132 1738 ,
164 1656 275 1741 ἡμέρων
295 1657 373 1720 εἶναι
408 1658 462 1718 καὶ
496 1660 521 1718 εἰ
541 1656 578 1730 δή
601 1684 635 1720 τι
657 1655 738 1720 ἄλλο
759 1654 800 1742 μὴ
822 1647 983 1740 ἑνδέχεὲαι
1006 1659 1158 1742 γεωργίαν
1180 1649 1197 1732 ἢ
1222 1656 1287 1718 δέν-

134 1799 138 1806 -
162 1759 235 1842 dpov
254 1773 319 1824 cet..

245 1865 305 1926 Sed
339 1853 547 1924 revertendum
577 1874 623 1924 est
656 1864 694 1924 od
719 1865 910 1926 Aristotelem
933 1873 966 1926 ut
997 1867 1060 1942 jem
1085 1864 1288 1942 dijudicemus,

163 1984 232 2038 num
257 1968 462 2044 conjunctivus
492 1977 560 2046 post
580 1955 640 2044 cdv
659 1965 685 2023 εἰ
707 1968 777 2027 ferri
799 1969 900 2048 possit.
943 1969 984 2026 Et
1006 1968 1126 2048 quidem
1149 1966 1196 2026 his
1219 1987 1288 2056 ceu·

161 2069 201 2128 sis
222 2079 373 2148 permotus
392 2070 463 2128 ferri
484 2090 571 2150 posse
591 2089 686 2148 nego:
718 2072 844 2150 primum
877 2069 955 2150 quod
980 2089 1052 2130 usus
1073 2070 1237 2150 porticulus
1261 2068 1286 2126 εἰ

160 2171 189 2230 in
213 2160 272 2227 κᾶν
293 2169 319 2228 εἰ
340 2172 419 2230 nullo
442 2171 528 2232 modo
560 2172 651 2232 distet
675 2192 693 2232 s
716 2173 832 2250 vulgari
856 2173 1051 2253 rationeque
1073 2170 1100 2230 εἰ
1121 2171 1286 2246 adhibetur,

160 2271 257 2332 nullus
278 2282 377 2332 sutem
401 2273 482 2332 locus
506 2253 615 2343 exstat,
651 2275 701 2334 uhi
720 2273 747 2330 εἰ
768 2295 828 2333 non
850 2273 1048 2364 praecedente
1071 2263 1112 2329 clv
1132 2293 1199 2332 cum
1221 2287 1288 2332 con-

147 2375 287 2451 junctivo
309 2376 500 2450 construitur;
522 2376 647 2436 alterum
668 2375 748 2454 quod
765 2376 823 2434 loci
838 2377 888 2434 ubi
908 2376 1112 2453 conjunctivus
1134 2375 1285 2436 codicibus

158 2477 283 2536 traditur
306 2496 406 2538 sorum
430 2477 569 2538 simillimi
591 2487 668 2552 suut,
692 2478 742 2537 uhi
766 2478 883 2538 codices
907 2478 1099 2537 indicativum
1121 2462 1287 2558 procheut;

160 2581 278 2638 tertium
301 2579 381 2658 quod
405 2579 514 2638 talibus
546 2579 633 2638 modo
657 2562 730 2638 locis
752 2579 957 2656 conjunctivus
977 2580 1135 2652 invenitur,
1161 2581 1212 2639 ubi
1233 2581 1286 2638 mi·

159 2681 237 2740 mma
259 2681 421 2740 mutatione
444 2699 482 2740 ex
518 2680 677 2740 indicativo
712 2682 792 2741 nasci
814 2680 923 2760 potuit:
968 2678 1285 2743 P01.1229.b.22:

157 2777 526 2862 συμβαίνῃ-συμβαίνει,
549 2783 613 2841 Pol.
639 2781 731 2847 1260.
756 2784 785 2846 b.
808 2782 848 2845 31
873 2791 903 2842 et
925 2783 1039 2844 Poetis.
1065 2781 1157 2844 1447.
1179 2802 1206 2844 a.
1226 2779 1284 2842 24:

157 2875 630 2966 cometissam-cumulemur&
651 2895 829 2963 postremum
846 2883 926 2963 quod
944 2884 1084 2944 facillime
1106 2884 1168 2943 fieri
1182 2884 1288 2963 potuit,

157 2993 190 3044 ut
211 2985 322 3044 librarii
343 3005 408 3046 cum
433 2985 512 3044 illam
535 2986 653 3046 dicendi
674 2989 816 3048 rationem
839 3007 897 3046 non
919 2986 1118 3062 intelligerent
1152 2985 1286 3045 indicati·

157 3107 227 3148 vum
250 3088 282 3146 in
305 3087 526 3165 conjunctivum
547 3097 704 3152 mutarent.
750 3090 835 3166 Quae
870 3108 937 3148 cum
969 3089 1010 3146 itu
1046 3087 1113 3176 sint?
1143 3088 1284 3148 Bekkero
1312 3155 1318 3164 ,

157 3188 377 3250 assentiendum
401 3211 468 3252 esse
495 3199 566 3272 puto
598 3191 650 3270 qui
683 3191 741 3250 illis
772 3191 960 3250 Politieorum
982 3189 1055 3250 locis
1090 3199 1120 3250 et
1141 3190 1305 3250 Vahleuio¹

156 3293 207 3372 qui
242 3292 429 3352 Poeticorum
463 3291 527 3354 loco
565 3292 754 3354 indicativum
788 3293 925 3356 restituit.
981 3293 1088 3370 Itaque
1125 3293 1285 3368 conjuncti·

156 3413 226 3453 vum
247 3403 315 3473 post
337 3392 362 3450 εἰ
386 3395 423 3453 ub
447 3394 608 3456 Aristotele
637 3415 694 3456 non
718 3395 850 3456 adhiberi
877 3399 992 3454 cehseo.

242 3495 321 3556 Num
341 3494 421 3556 idem
443 3497 541 3558 voleat
562 3495 600 3556 de
624 3499 740 3578 scriptis
760 3493 1057 3579 pseudoeristoteleis
1079 3503 1160 3555 certe
1183 3495 1285 3554 confir·
1337 3515 1340 3522 ¹

159 3631 198 3638 -.
223 3631 362 3640 .--—--—·-

224 3697 248 3760 *j
267 3695 421 3746 Ethicorum
441 3694 627 3746 Eudemiorum
645 3695 749 3747 dicendi
772 3697 901 3748 rstiouem
920 3710 1028 3764 prorsus
1045 3697 1100 3748 tere
1123 3711 1181 3748 cum
1210 3696 1286 3748 libris

157 3782 323 3832 Aristoteleis
340 3781 498 3842 consentire,
517 3797 548 3832 eo
568 3783 652 3848 magis
670 3783 803 3844 miremur,
822 3781 891 3848 quod
913 3781 1112 3848 Theophrastus
1131 3781 1163 3832 oh
1183 3780 1285 3832 Aristo·

156 3869 208 3918 tole
227 3866 304 3920 uelde
321 3864 410 3922 distet,
428 3873 506 3931 etque
524 3883 556 3916 es
577 3869 689 3920 maxime
707 3879 748 3920 res
774 3867 863 3928 efficit,
891 3875 921 3920 ut
949 3865 1141 3932 quodsmmodo
1168 3865 1284 3918 dubitem

156 3967 218 4004 num
240 3952 274 4004 nh
293 3950 363 4002 omui
383 3959 457 4018 perte
474 3969 537 4004 vers
553 3955 606 4004 siut
624 3969 690 4020 quse
709 3971 778 4008 nuuc
796 3954 913 4004 homiues
934 3952 1003 4004 docti
1022 3951 1054 4002 ds
1077 3952 1193 4004 Eudemo
1212 3951 1285 4002 Ethi-

156 4053 246 4090 corum
268 4039 374 4090 illorum
392 4043 498 4090 auctore
515 4045 642 4092 statuunt
677 4039 813 4102 Quomodo
837 4037 907 4090 euim
925 4039 1055 4108 explices,
1074 4038 1284 4104 Theophrsstum

156 4121 295 4192 permultis
313 4124 391 4176 robus
409 4123 443 4174 sb
461 4125 604 4176 Aristotele
621 4125 737 4192 differre,
754 4124 898 4180 Eudemum
920 4125 974 4178 tero
994 4123 1090 4178 nullis?
