3040 4852
75 525 77 530 '
120 493 122 497 ¹
191 539 195 544 ¹
238 505 350 571 Aunot.
373 509 411 570 nd
433 529 484 590 pg.
507 510 557 574 66.

528 697 567 760 Ιε
589 697 770 762 lelltleerrn
792 704 867 762 nn·
890 699 1077 763 enodando.

320 866 464 941 Quamvis
480 861 664 946 Gttttlingius
689 862 733 950 (v.
756 869 849 949 praef.
871 851 909 954 ad
928 867 999 958 edit5
1022 869 1139 932 Politia.
1163 890 1213 949 pg.
1237 869 1275 944 V,
1297 869 1366 944 vl),
1404 845 1409 852 ⁶

175 993 178 1000 ’
235 963 371 1032 Stahrius
394 963 585 1050 (Aristotelia
608 969 649 1034 H.
675 964 750 1052 114)
771 971 809 1034 V.
832 971 943 1031 Rosius
966 968 998 1046 (l.
1020 971 1041 1036 l.
1064 992 1123 1052 pg.-
1144 965 1218 1052 125)
1240 971 1368 1031 Politian

236 1070 313 1134 bene
335 1071 424 1152 nobis¹
434 1069 544 1131 tradita
563 1091 630 1132 ease
652 1073 840 1148 contendant,
862 1082 960 1134 tamen
985 1075 1082 1151 magis
1103 1073 1259 1154 magisque
1271 1072 1367 1134 homi·
1400 1116 1406 1122 «

119 1213 121 1220 1
236 1194 289 1235 nes
310 1174 391 1233 dooti
419 1173 557 1234 videntur
578 1175 609 1233 in
633 1195 698 1234 eam
733 1176 910 1236 sententiam
941 1174 1091 1249 inclinare,
1128 1178 1162 1234 ut
1183 1176 1279 1255 ipsum
1300 1193 1368 1234 eon-

235 1277 356 1337 trarium
390 1275 579 1336 statuendum
619 1296 684 1336 esse
719 1286 869 1337 censeant.
925 1274 999 1336 Cum
1028 1275 1121 1354 igitur
1153 1275 1191 1336 de
1226 1274 1366 1336 remediis

234 1378 424 1458 cogitandum
457 1379 511 1450 sit,
549 1378 658 1458 quibus
691 1387 792 1439 textus
814 1379 1055 1458 corruptissimus
1089 1368 1240 1438 emendari
1260 1379 1364 1458 possit,

233 1480 360 1558 singulis
391 1481 437 1540 vel
462 1480 613 1540 nonnullis
634 1481 736 1541 verbis
760 1479 927 1540 inserendis
953 1481 1130 1560 permultum
1165 1479 1241 1539 effici
1275 1499 1365 1559 posse

234 1592 304 1664 puto
343 1591 433 1663 atque
467 1603 533 1642 oum
571 1582 652 1641 haud
693 1603 760 1641 raro
797 1584 1013 1642 enuntiatorum
1052 1583 1128 1643 ratio
1167 1602 1204 1642 ea
1239 1583 1294 1656 sit,
1333 1590 1366 1657 ut

233 1681 304 1766 quid
326 1684 404 1745 fere·
422 1684 567 1744 exciderit
599 1704 666 1744 oum
701 1671 921 1764 probabilitate
932 1681 1062 1764 quadam
1098 1684 1233 1754 oonoludi
1264 1683 1365 1763 possit,

135 1776 136 1780 ¹
234 1785 419 1848 Rassowium
453 1779 530 1848 bene
568 1787 709 1848 meruisse
745 1799 864 1863 censeo,
897 1784 977 1868 quod
1015 1805 1051 1846 ea
1075 1766 1268 1866 ¹potissimum·
1303 1805 1363 1846 me·

108 1877 113 1884 ⁸
235 1875 305 1949 dela
335 1888 375 1949 ad
410 1883 490 1950 locos
519 1898 669 1976 corruptos
704 1887 852 1958 sanandos
887 1907 959 1948 usus
992 1889 1046 1969 sit;
1082 1889 1120 1952 ef.
1140 1887 1365 1950 Jahresberiobt

234 1993 309 2053 tiber
331 1992 385 2052 das
408 1992 548 2054 Weimar.
573 1985 721 2071 Gymnas.
746 1989 839 2054 1864.
862 2009 912 2070 pg·
938 1989 987 2065 12,
1012 1987 1280 2063 14,15‚16,1t.
1322 1987 1365 2050 Ut

235 2093 391 2157 nonnullos
408 2093 489 2154 looos
511 2096 641 2169 afferam,
666 2113 739 2174 quos
761 2112 827 2154 oum
849 2093 913 2172 ipse
934 2091 1098 2152 invenerim
1120 2092 1280 2172 plerosque
1297 2075 1361 2169 jam

197 2241 201 2248 ,
226 2193 273 2258 ¹ab
289 2255 290 2260 ,
308 2196 375 2257 aliia
408 2195 579 2256 emendatos
612 2215 710 2276 neque
746 2213 817 2256 vero
850 2193 888 2253 ab
922 2193 1081 2254 editoribus
1114 2194 1247 2273 plurimis
1280 2202 1362 2254 reete

233 2302 356 2382 scriptos
381 2297 563 2373 esse'video,
587 2297 626 2361 of.
652 2296 742 2361 1274.
764 2297 793 2359 b.
818 2295 877 2359 24:
912 2291 1032 2374 ἐγένετο
1059 2291 1093 2355 δὲ
1108 2283 1169 2352 ’καὶ
1188 2285 1361 2375 Ἀνδροδά-

234 2397 450 2483 μαςῬηγῖνος
471 2389 853 2478 νομοθέτηςΧαλκιδεῦσι
886 2405 956 2467 τοῖς
982 2395 1036 2455 ἐπὶ
1058 2388 1200 2477 Θράκης,
1225 2385 1273 2456 ὀὗ
1293 2393 1363 2477 περί

146 2499 168 2585 f
233 2524 280 2563 τε
293 2496 338 2561 τοί
357 2493 472 2586 φονικοὶ
494 2497 548 2557 καὶ
563 2483 630 2570 ἱτοῖς
649 2491 830 2580 ἐπικλήρους
853 2496 950 2571 ἐστίν,
985 2499 1144 2578 legendum
1161 2507 1225 2559 est:
1256 2489 1362 2556 οὗτοὶ
1396 2544 1400 2548 .

195 2653 214 2690 3
233 2603 303 2687 περί
338 2624 375 2662 τε
396 2597 442 2662 τοὶ
469 2594 594 2686 φονικοί.
640 2599 793 2663 Articulus
828 2611 926 2664 autem
957 2604 988 2662 in
1019 2599 1154 2662 Politiois
1188 2602 1363 2681 saepissime
1445 2659 1449 2670 ,

234 2708 359 2782 exoldss,
402 2707 444 2766 sio
479 2704 570 2770 1260.
606 2726 632 2768 a.
668 2707 690 2768 4
724 2725 759 2766 eo
794 2720 818 2764 a*
847 2703 1004 2765 Schuetzio
1042 2711 1072 2763 et
1108 2696 1280 2780 Rassowio,
1323 2704 1360 2765 ol.

233 2795 623 2886 Weimar.Jahresberiohl.
650 2803 741 2872 1861.
765 2827 816 2889 pg.
837 2806 867 2881 8,
889 2809 1025 2869 restituto
1045 2827 1123 2867 nune
1142 2806 1259 2866 demum
1280 2805 1364 2866 loeus
1476 2827 1480 2834 ·

233 2911 360 2991 intelligi
377 2920 491 2994 potest:
513 2907 564 2979 καὶ
586 2900 690 2968 τουτο
711 2901 804 2990 εὐθυς
823 2903 985 2990 ὑφήγηται
1006 2901 1053 2966 τοί
1074 2905 1145 2987 περὶ
1166 2901 1226 2976 τὴν
1242 2899 1360 2986 λυχνίον.

234 3006 329 3080 1338.Ι
346 3015 375 3078 b.
398 3011 454 3078 25:
475 3014 523 3072 dae
543 3004 690 3083 δἀὖτοιίς
712 3006 791 3082 τοὺς
811 3003 963 3082 Λυίκωνας
982 3005 1088 3090 ’ίσμεν,
1116 3004 1169 3080 ἕως
1189 3005 1245 3090 μὲν
1265 3001 1361 3068 αὐτοὶ
1432 3071 1439 3078 ,

234 3110 439 3200 πμοςήδμευον
461 3124 535 3188 ταῖς
553 3112 766 3198 φιλοπονίαις,
788 3104 1004 3195 υπὲμίχοντας
1024 3118 1091 3170 τῶν
1113 3103 1229 3182 ἄλλων,
1249 3115 1305 3171 νῦν
1327 3105 1360 3168 δὲ

131 3267 133 3272 .
233 3218 287 3280 καὶ
311 3226 379 3289 τοῖς
401 3215 584 3299 γυμνασίοις
604 3215 659 3275 καὶ
678 3225 748 3288 τοῖς
766 3215 944 3296 πολεμικοῖς
959 3209 1061 3293 ἀγῶσι
1083 3208 1282 3292 λειπομένους
1296 3206 1361 3270 ἑτί·
1466 3271 1471 3282 ,

235 3336 305 3405 ρον·
327 3317 370 3381 οὐ
390 3313 452 3401 γοίρ
474 3325 520 3400 τῷ
543 3313 619 3391 τούς
639 3313 726 3390 νέους
748 3313 914 3398 γυμνάζειν
935 3308 996 3373 τίν
1018 3307 1140 3395 τρόπον
1160 3319 1282 3393 τοῦτον
1300 3309 1359 3372 διί-
1455 3380 1458 3386 ,

189 3447 197 3501 ᾗ
233 3437 340 3508 φερον,
361 3416 447 3483 οίλλοί
469 3427 516 3503 τῷ
537 3413 635 3502 μιίνον
658 3412 698 3501 μὴ
719 3413 796 3500 πρὸς
819 3411 999 3488 ἀσκοῦντας
1021 3407 1131 3475 οίσκεῑν
1154 3425 1220 3498 post
1235 3409 1360 3497 ε”ωςμὲν

225 3517 328 3587 ἀὖτόί
348 3528 437 3591 inser.
459 3517 557 3606 μόνοι.
603 3523 746 3590 1309.1).
770 3523 803 3586 1:
837 3519 910 3602 οἷον
941 3520 967 3579 εἰ
998 3509 1207 3602 στρατηγικὸς
1233 3512 1289 3598 μέν
1312 3538 1360 3588 τις

126 3641 129 3650 ’
234 3625 290 3711 εί,
324 3619 458 3710 πομηριίς
479 3622 513 3685 δὲ
536 3624 590 3685 καὶ
612 3624 652 3708 μή
673 3631 714 3708 τῇ
735 3623 884 3706 πολιτείᾳ
917 3621 1020 3706 φίλος,
1051 3617 1068 3680 ὁ
1102 3617 1136 3678 δὲ
1169 3617 1288 3692 δίκαιος
1306 3616 1359 3677 ιιοιὶ
1417 3627 1420 3632 “

261 3731 336 3805 ιλος,
373 3721 439 3800 πῶς’
472 3725 520 3784 δεῖ
550 3729 715 3788 ποιεῖσθαι
749 3721 809 3798 τὴν
842 3715 977 3808 α’ίρεοιν
995 3733 1064 3803 post
1093 3719 1184 3802 φίλος
1208 3723 1295 3784 inser.
1318 3713 1358 3802 μὴ

233 3829 444 3916 στρατηγικὸς
465 3813 507 3890 δέ.
552 3832 660 3910 ltaque
690 3850 754 3890 oum
787 3829 867 3889 haud
898 3825 1000 3907 paucis
1018 3825 1091 3886 louis
1114 3827 1261 3886 sententia
1283 3825 1357 3906 ipsa,

233 3946 267 3998 ut
288 3938 331 3997 its
353 3935 458 4006 dinam
480 3943 514 3994 ut
535 3932 629 3994 verba
647 3931 821 4004 inserantur,
842 3929 1016 4010 postuletur,
1041 3929 1132 3990 etiam
1153 3928 1191 3988 iia
1212 3926 1287 3987 loeis
1307 3926 1360 3987 ubi

233 4059 292 4101 non
313 4045 375 4098 tam
396 4045 518 4118 propter
540 4034 717 4098 sententiam
742 4052 830 4114 quam
859 4040 981 4113 propter
1001 4029 1119 4091 dicendi
1139 4029 1357 4092 rationem'ali·

216 4140 305 4236 aquid
329 4138 540 4215 desideramus,
564 4137 657 4200 verba
677 4138 809 4226 inserere
829 4134 926 4196 miuus
944 4133 1152 4196 dubitabimus.
