3040 4852
638 241 829 372 '04‘

116 519 118 524 ¹
163 437 165 441 ’
210 444 431 534 ὑπολαμβάνοι
454 443 558 525 ἀληθῆ
580 449 662 513 εἶναι
691 447 748 512 ‘roi
764 461 887 534 σημεῖα,
931 456 979 516 De
1001 455 1037 518 iis
1059 464 1156 517 autem
1179 477 1255 538 quae
1277 447 1338 518 ma·

202 557 255 644 „gis
276 558 307 616 in
330 547 501 617 universum
524 567 659 638 spectent
680 577 739 616 nou
762 566 822 617 tam
855 559 1020 619 accuratius
1044 551 1144 620 dicere
1166 580 1254 641 quam
1276 581 1337 620 mo·
1448 565 1449 570 ’

208 678 279 718 nere
303 658 391 736 hujus
410 667 456 719 est
478 658 699 732 dissertationis,
725 679 784 740 qua
802 659 834 718 in
855 660 932 720 hauc
952 661 1081 729 inaximo
1096 681 1157 720 rem
1186 663 1337 741 inquirere
1422 719 1425 731 ,

93 841 100 850 .
125 781 127 784 ·
197 760 278 820 mihi
301 762 451 845 proposui,
482 760 631 840 quomodo
665 762 789 839 singulis
821 763 971 841 particulis
993 763 1168 824 Aristoteles
1190 783 1262 823 usus
1284 765 1337 836 sit,
1378 825 1385 830 ,

208 873 352 943 quantum
375 883 446 923 vero
465 861 557 922 'etiam
578 863 655 922 tales
688 883 736 923 res
769 859 846 945 quae
873 865 1014 944 putauiur
1035 852 1358 926 minutissimaeesse'
1393 883 1395 892 ’

135 1043 138 1048 1
188 957 250 1025 ¹ad
284 966 455 1044 scriptorem
485 965 591 1024 melius
626 965 852 1044 intelligendum
886 965 1027 1045 prodesse
1060 967 1193 1046 possint,
1228 967 1337 1048 optime
1427 983 1435 996 ·

105 1071 108 1078 ‘
138 1113 140 1118 .
166 1141 172 1154 ,
208 1067 363 1126 Bouitzius
385 1064 599 1126 demonstravit
621 1065 854 1141 (observationes
876 1068 994 1128 criticae
1007 1069 1037 1126 in
1056 1062 1226 1128 Aristotelis
1247 1067 1358 1127 libros

171 1199 173 1202 ·
207 1148 426 1250 metaphysicos
447 1186 518 1246 pag.
541 1167 692 1245 6-28).*)¹
731 1163 793 1229 Sed
817 1191 875 1249 quo
907 1154 1002 1250 majoi
1029 1169 1141 1229 fructus
1165 1189 1203 1228 ex
1223 1169 1337 1228 Aristo·

205 1271 274 1336 telis
287 1270 412 1354 dicendi
425 1270 540 1330 ratione
563 1253 728 1329 accuratius
747 1271 902 1332 tractanda
924 1271 1038 1350 percipi
1057 1279 1166 1350 potest,
1190 1289 1225 1330 eo
1242 1271 1336 1346 magis

205 1363 364 1433 dolendum
388 1361 602 1431 est'neminom
620 1372 698 1432 ¹fere
721 1370 759 1431 de
795 1393 830 1432 ea
869 1390 901 1432 re
925 1373 1102 1452 disputasse.
1152 1371 1227 1432 Oum
1259 1367 1337 1430 enim

160 1541 163 1566 ,
208 1483 237 1534 et
258 1473 429 1556 Aristotelis
450 1473 638 1554 philosophia
664 1475 842 1553 explicanda
864 1483 894 1560 et
916 1474 1040 1552 singulis
1062 1474 1177 1554 scriptis
1212 1472 1336 1533 edendis

207 1575 286 1636 haud
310 1576 397 1656 pauci
424 1575 480 1633 viri
504 1576 626 1653 egregii,
655 1565 989 1650 maxime-Brundisina,
1015 1575 1180 1649 Bekkerus,
1202 1574 1336 1636 'Prende-

141 1695 168 1764 5‘
210 1678 382 1754 lenburgus,
405 1676 593 1756 Spengelius,
615 1678 775 1753 Bonitzius,
794 1674 904 1758 optime
928 1673 1096 1750 meruerint,
1117 1685 1217 1736 tamen
1240 1675 1279 1736 ds
1293 1675 1336 1735 di·
1358 1751 1376 1762 μ
1437 1688 1441 1694 ’

32 1835 45 1858 „
111 1837 113 1840 .
210 1778 295 1840 cendi
318 1779 435 1838 ratione·
468 1779 498 1836 iu
520 1779 690 1839 universum
717 1765 843 1860 *quidem
869 1800 956 1840 nemo
988 1779 1151 1858 quidquam
1177 1777 1354 1858 disputavit¹

206 1890 325 1962 praeter
347 1862 523 1954 Bonitzium,
543 1881 656 1960 ¹quiin
678 1877 831 1962 praeclara
851 1883 903 1942 illa
927 1881 1172 1942 commentatione
1204 1879 1334 1956 „Aristo-

205 1983 329 2046 telische
350 1981 475 2044 Studien
508 1983 556 2052 Π,1
575 2003 604 2046 ιι.
626 1983 708 2042 ΙΙΙ.“
742 1985 871 2044 maxime
905 1982 942 2042 dc
975 1983 1193 2042 enuntiatorum
1221 1982 1337 2042 ratione

90 2155 92 2162 y
140 2099 144 2106 ¹
206 2084 299 2167 (quod
324 2084 442 2163 quidem
463 2070 666 2144 difficillimum
688 2093 719 2146 et
741 2087 948 2162 gravissimum
963 2084 1020 2162 est)
1043 2083 1126 2156 dixit,
1149 2083 1187 2142 de
1210 2069 1338 2174 singulis

184 2186 357 2266 uparticulis
380 2205 476 2265 pauca
497 2186 604 2260 attulit.
650 2186 735 2260 Quae
757 2207 824 2246 curn
860 2188 903 2246 ita
925 2187 983 2245 siut
1015 2185 1047 2243 id
1071 2183 1151 2264 quod
1185 2205 1241 2262 ego
1274 2205 1338 2246 sus-

209 2287 279 2368 cepi
298 2281 362 2348 lore
384 2307 471 2368 spero
492 2296 526 2347 ut
547 2286 712 2352 hominibus
741 2288 920 2365 doctis-non
940 2307 1060 2367 prorsus
1087 2301 1338 2366 supervacaneum
1434 2295 1443 2310 ‘

165 2373 171 2378 Ι
207 2389 354 2450 videatur.
840 2391 842 2396 '

292 2489 370 2566 Legi
394 2497 501 2564 autern,
535 2497 568 2548 ut
595 2489 763 2550 Aristotelis
795 2489 912 2550 dicendi
944 2491 1088 2550 rationem
1118 2491 1338 2568 cognoscerem,

117 2599 120 2602 ’
207 2614 246 2653 ex
268 2592 361 2673 ipsius
385 2592 500 2672 scriptis
520 2571 740 2673 Metaphysica5
758 2591 898 2672 Physica,
922 2592 1011 2653 libros
1032 2594 1070 2652 de
1103 2594 1209 2666 anima,
1230 2575 1339 2674 ulhioa

206 2692 417 2764 Nicomachea,
439 2693 575 2766 Politica,
597 2693 765 2767 Rhetorica,
798 2693 933 2766 Poetica3
969 2713 1008 2754 ex
1027 2695 1073 2769 iis,
1091 2713 1179 2774 ‘quae
1201 2692 1339 2752 videntur
1414 2733 1419 2742 ·

207 2797 360 2876 supposita
382 2814 457 2867 esse,
489 2775 598 2854 Ethica
619 2794 774 2870 Eudemia,
798 2795 911 2872 Magna
932 2795 1066 2872 Moralia,
1088 2796 1195 2854 librum
1217 2793 1338 2864 devir-

153 2942 156 2952 ,
205 2895 319 2956 tutibus
342 2904 372 2954 et
395 2896 482 2969 vitiis,
517 2895 724 2972 Oeconomico,
745 2896 906 2958 Rhetorica
930 2895 969 2955 ad
990 2895 1202 2968 Alexandrum,
1231 2895 1340 2954 librum
1390 2932 1392 2938 ·

213 2998 251 3058 de
272 2995 471 3076 Xenophane,
491 2997 619 3072 Zenone,
645 2996 762 3074 Gorgia
777 2994 822 3074 (ut
837 2985 927 3076 vulgo
941 2998 1130 3072 inscribitur),
1151 2997 1338 3076 Physiogno·

118 3087 136 3158 ¹.
208 3101 300 3173 mica3
340 3106 497 3178 praeterea
516 3117 555 3157 ex
577 3097 779 3179 Theophrasti
810 3099 893 3160 libris
926 3095 1077 3159 historiam
1113 3099 1279 3179 plantarum
1309 3106 1340 3158 et

209 3195 413 3274 Characteres,
435 3206 468 3258 ut
488 3199 694 3276 intelligerem,
725 3217 783 3279 quo
806 3201 894 3260 mode
914 3200 1083 3284 Aristotelis
1104 3200 1197 3281 ipsius
1214 3183 1336 3258 ¹dicendi

205 3305 280 3364 ratio
300 3301 341 3362 ab
366 3302 429 3379 ejus
453 3300 604 3381 discipulis
626 3300 752 3360 differat.
796 3303 830 3360 In
855 3301 1004 3381 particulis
1019 3301 1180 3374 tractandis
1194 3302 1236 3382 ita
1249 3281 1336 3378 again
1394 3371 1400 3385 ,

204 3413 238 3464 ut
259 3405 388 3465 maxime
409 3421 496 3463 usum
518 3400 687 3466 Aristotelis
710 3404 747 3478 iu
761 3404 932 3464 universum
948 3401 1109 3482 explanare
1132 3402 1275 3475 studeam,
1297 3401 1338 3460 de

206 3505 332 3582 singulis
355 3507 427 3566 locis
448 3504 632 3586 explicandis
646 3505 696 3564 vel
719 3504 913 3568 emendandis
934 3504 1064 3568 breviter
1086 3503 1192 3578 dicam,
1205 3505 1280 3586 ¹quia
1296 3524 1334 3564 ex

208 3687 413 3700 mnu—.-

272 3785 298 3852 *)
324 3786 357 3836 cf.
378 3751 545 3853 liernhardy:
575 3789 772 3858 paralipomena
799 3789 918 3856 syntaxis
946 3789 1063 3840 Graecae
1085 3787 1105 3851 I,
1140 3791 1196 3839 14.=
1224 3775 1333 3854 ,Parati

202 3874 267 3924 ‘sunt
285 3875 311 3920 et
328 3871 355 3919 in
373 3878 495 3939 promptu
513 3875 593 3940 positi
610 3877 752 3939 scriptores
763 3873 932 3938 nobilissimi,
948 3889 1059 3939 quorum
1075 3875 1246 3925 elocutionem
1257 3890 1333 3925 nemo
1423 3921 1425 3926 .

205 3973 238 4008 ue
268 3957 376 4008 summis
400 3959 506 4023 quidem
526 3959 604 4010 lineis
633 3959 779 4026 criticaque
809 3958 956 4012 subtilitate
982 3959 1108 4026 digessitr
1130 3961 1204 4010 velut
1233 3961 1334 4010 Aristo·
1423 3965 1426 3970 “

205 4043 267 4095 telis
284 4057 347 4110 opes
366 4043 412 4092 vix
431 4042 501 4094 ultra
518 4061 622 4126 sparsas
640 4045 763 4110 quasdam
786 4045 981 4098 observationes
999 4046 1195 4100 innotuerunt.“
1231 4045 1265 4096 cl.
1283 4047 1334 4096 Bo·
1384 4103 1388 4110 Ι

204 4129 266 4180 uita.
284 4127 424 4182 sonatsohe
444 4128 687 4197 hilaraturaeitung
710 4133 784 4187 1845.
819 4147 880 4198 pag.
900 4131 959 4182 stt.
