3040 4852
700 263 743 335 59

160 472 206 523 ter
224 463 290 523 iilos
312 461 393 522 locos
427 480 464 521 ex
487 459 759 540 Metapbysioorum
783 459 866 520 libris
889 458 921 520 M
942 465 971 518 et
990 459 1018 518 N
1042 457 1122 537 apud
1144 434 1290 516 Aristote-

161 565 217 624 lem
240 585 297 624 non
318 564 502 636 inveniatur,
536 561 713 622 indicativus
735 569 836 622 autem
870 563 899 621 in
932 563 1006 641 ipsis
1027 560 1162 619 Politicis
1184 559 1215 618 in
1234 577 1291 616 usu

160 667 207 736 sit,
229 665 288 730 rid.
310 685 379 748 pag.
405 661 456 727 58.
571 723 574 732 ,

621 1235 728 1338 Gap.
754 1203 832 1320 Ἦ.

489 1409 526 1471 lc
550 1406 697 1487 paniculis
719 1409 968 1474 conditionalibus.

245 1581 294 1642 De
315 1577 524 1662 particularum
548 1575 787 1638 conditionalium
823 1598 878 1638 usu
901 1578 980 1660 apud
1002 1575 1195 1641 Aristotelem
1223 1595 1289 1636 cum

164 1683 290 1744 dicturus
312 1688 377 1758 sim,
402 1687 471 1739 ante
494 1679 592 1738 omnia
614 1677 651 1739 dc
675 1699 712 1738 ca
726 1697 758 1739 ro
781 1679 990 1759 disputandum
1014 1692 1068 1754 est,
1090 1701 1160 1741 num
1181 1670 1208 1736 si
1222 1699 1289 1740 oum

162 1784 347 1862 conjunctivo
369 1789 563 1842 construatur.
606 1777 683 1840 'Cum
715 1780 792 1840 enim
817 1802 882 1841 eam
902 1780 1020 1842 dicandi
1041 1784 1186 1842 rationem
1209 1779 1288 1861 apud

161 1887 286 1966 optimos
304 1886 463 1963 scriptores
481 1877 597 1941 Atticos
612 1883 739 1942 inveniri
759 1883 878 1961 quidem
894 1884 1040 1946 sedeatis
1065 1905 1130 1944 raro
1144 1877 1183 1963 *)’
1201 1881 1288 1962 pleri·

161 2007 219 2068 que
241 1973 425 2064 grammatici
450 1993 588 2056 statuant,
610 1985 694 2044 fuere
716 1985 768 2064 qui
789 1985 1010 2063 contenderent,
1032 1985 1101 2045 inde
1115 1986 1153 2046 ab
1172 1984 1287 2045 Aristo·

160 2089 218 2148 taio
241 2093 308 2148 oum
331 2107 416 2149 nsum
439 2087 643 2158 increbruisse,
665 2087 707 2145 sic
722 2085 869 2159 Klotzius,
889 2088 927 2150 ci.
950 2098 1050 2148 annot.
1074 2086 1109 2147 ad
1124 2086 1287 2148 Devarium

141 2188 314 2270 'pag.506,
336 2189 419 2248 dicit:
442 2186 523 2263 „Sed
547 2188 726 2248 Aristotcles
742 2189 805 2264 jam
828 2191 947 2267 saepius
967 2189 993 2249 oi
1013 2189 1188 2268 particulam
1210 2210 1287 2249 com·

160 2293 258 2370 posuit
293 2311 358 2350 cum
395 2290 610 2368 conjunctivo“.
665 2290 813 2369 Exempla
845 2309 923 2370 quse
955 2291 1006 2351 iile
1044 2290 1083 2349 ad
1113 2292 1288 2350 sententiam

160 2391 387 2452 confirmandam
423 2392 508 2452 affert
542 2390 615 2450 haec
646 2400 714 2451 sunt
750 2392 859 2467 (iocum
895 2412 933 2453 ex
970 2393 1020 2453 lib.
1057 2391 1095 2450 de
1129 2413 1221 2452 somn.
1257 2401 1287 2452 et

158 2494 240 2571 vigil.
275 2481 504 2581 praetermitto):
541 2493 628 2555 Polit.
664 2492 753 2557 1261.
784 2515 811 2558 a.
835 2492 891 2556 27:
927 2491 1075 2572 βοηθιίας
1105 2487 1167 2575 yoip
1194 2485 1288 2575 χάριν

160 2591 176 2666 ἡ
191 2592 359 2676 συμμαχία
374 2591 523 2674 πέφυκεν,
548 2583 653 2676 ὥσπερ
668 2581 709 2650 dv
726 2594 751 2652 si
769 2589 920 2674 σταθμὸς
939 2589 1051 2654 Ιπλιῑον
1069 2587 1191 2674 ἐλκύσῃ.
1220 2595 1286 2658 Pol.

162 2697 253 2761 1260.
277 2697 306 2757 b.
331 2695 391 2759 31:
424 2684 484 2752 κᾶν
511 2689 537 2750 εἴ
557 2715 638 2766 τινες
659 2690 762 2778 ἕτεραι
783 2688 986 2775 τυγχάνωσιν
1007 2689 1070 2753 istd
1095 2701 1193 2754 τινῶν
1212 2693 1288 2776 sipp-

159 2793 248 2878 μέναι
269 2797 322 2855 καὶ
345 2795 498 2855 δοκοῦσαι
521 2775 730 2876 καλῶς’ἔχειν.
775 2799 841 2860 Pol.
868 2795 959 2863 l2l9.
980 2799 1010 2858 b.
1033 2797 1092 2860 22:
1123 2793 1233 2877 ὁμοίως
1253 2793 1288 2856 δὲ

158 2891 258 2958 πάλιν
279 2888 339 2956 κᾶν
365 2894 391 2956 si
417 2919 483 2956 που
504 2896 659 2978 συμβαίνῃ
679 2893 756 2970 uodo
779 2891 920 2975 ἀπόρους
941 2893 1099 2970 ἐλάττους
1120 2896 1174 2980 μὲν
1206 2895 1288 2958 εἶναι

157 3005 226 3058 τῶν
248 2993 388 3082 εὐπόρων
409 3009 476 3061 cet..
523 3001 620 3060 Ethic.
645 3001 737 3065 1132.
754 3023 781 3066 a.
809 3003 863 3065 ll:
886 2997 1012 3080 λέγεται
1034 2993 1097 3079 γὰρ
1119 2997 1158 3072 ὥς
1180 2997 1289 3073 ἁπλῶς

158 3101 257 3160 εἰπεῖν
278 3099 328 3158 ἐπὶ
352 3109 421 3172 τοῖς
442 3095 613 3184 aurasicum,
636 3093 695 3161 κᾶν
718 3104 743 3160 εἰ
765 3099 805 3183 μή
826 3123 912 3162 τισιν
935 3103 1048 3162 οἰκεῖον
1068 3093 1170 3182 ὄνομα
1193 3095 1222 3184 ᾖ,
1245 3098 1286 3163 sd

158 3199 271 3281 κέρδος.
316 3204 384 3262 Eth.
412 3201 502 3266 1150.
527 3225 553 3266 a.
578 3203 630 3269 ib:
669 3199 788 3284 μεταξὺ
810 3198 856 3277 d'si
875 3211 941 3263 τῶν
963 3203 1124 3264 πλείστων
1145 3200 1208 3278 ἕξις
1227 3194 1288 3265 κᾶν

157 3305 183 3363 εἰ
206 3300 323 3386 pistum
345 3304 468 3385 μᾶλλον
488 3299 578 3384 ,πρὸς
602 3301 663 3377 ταὶς
683 3303 810 3389 χείρους.
855 3310 1015 3370 Praetores
1048 3326 1139 3367 unum
1173 3315 1286 3370 tantum

157 3409 253 3469 iocum
285 3408 400 3470 inveni:
433 3409 517 3468 Post.
549 3407 641 3472 1447.
661 3430 688 3472 s.
717 3407 778 3472 24:
813 3392 941 3469 ἅπασαι
975 3406 1052 3492 (scii.
1076 3407 1111 3466 ui
1134 3405 1287 3490 εἰρημέναι

160 3507 281 3588 τέχναι)
304 3505 358 3590 μὲν
390 3513 559 3567 ποιοῦνται
592 3504 652 3580 τὴν
685 3507 812 3590 μίμησιν
841 3510 872 3570 ἐν
907 3503 1016 3592 ῥυθμῷ
1048 3507 1102 3568 καὶ
1128 3503 1212 3594 λόγῳ
1232 3509 1287 3571 καὶ

225 3795 250 3862 *)
267 3797 306 3848 Ci.
324 3796 356 3846 G.
376 3793 519 3846 Hermann.
543 3795 576 3846 ds
602 3797 750 3864 pruscsptis
772 3795 930 3862 quibusdem
950 3797 1133 3850 Atticlstsuum
1156 3811 1255 3884 opuse·
1267 3799 1288 3850 l.

157 3883 302 3944 sto-ast,
321 3881 353 3932 de
370 3879 502 3946 particula
521 3875 555 3932 ds
574 3897 664 3950 opusc
683 3881 728 3937 IV.
747 3899 808 3951 pag.
827 3884 860 3934 96
878 3897 945 3948 sqq.,
963 3881 1008 3933 sed
1019 3881 1164 3934 Hermuuni
1183 3889 1286 3936 senisu

157 3969 196 4020 tiu
216 3967 249 4018 de
267 3983 298 4018 ou
319 3982 347 4019 re
367 3981 419 4016 uon
439 3963 528 4016 eadum
556 3983 660 4036 semper
687 3968 753 4033 init,
786 3983 844 4020 oum
874 3972 961 4021 unnot.
990 3967 1022 4018 ud
1045 3967 1136 4034 Vigor.
1156 3985 1218 4036 pag.
1237 3969 1288 4020 828

157 4054 244 4106 dicut:
262 4054 361 4118 „strici
380 4050 511 4104 contrusi
535 4067 587 4104 nou
608 4059 762 4106 construunt
780 4068 839 4105 cum
861 4053 1057 4116 coujunctiro“.
1093 4053 1131 4106 Cl.
1150 4059 1288 4122 prustsrsu

158 4141 245 4192 lllots.
265 4138 282 4188 l.
300 4139 318 4188 l.
339 4140 389 4190 499
407 4151 473 4202 sqq..
492 4137 606 4205 liutger.
628 4139 801 4192 Griochisobe
818 4137 1002 4206 Sprschlehre.
1020 4139 1040 4190 l.
1062 4141 1086 4204 ἃ.
1107 4143 1150 4194 lsi.
1168 4142 1210 4190 12.
1228 4140 1251 4194 Β.
