3040 4852
739 255 761 328 5

185 449 231 522 iis,
265 469 347 530 quae
369 450 408 511 de
427 449 595 532 philosophi
617 471 673 510 usu
691 451 841 539 attulero,
877 447 1074 530 perspicuamv
1095 451 1165 524 erit,
1195 436 1333 544 coctana¹
1459 477 1464 542 '.

180 551 309 628 judicem
326 571 429 616 necne.
462 553 633 632 Antequam
648 559 748 612 autem
769 552 809 612 ad
831 571 894 611 rem
914 553 1008 630 ipsam
1030 560 1186 625 transeam,
1214 551 1239 611 si
1262 553 1313 632 qui

184 653 286 729 legent
300 655 474 734 opusculum
496 669 609 727 meum,
629 653 666 712 ab
688 655 725 713 iis
744 654 889 733 petierim,
913 673 951 712 ne
972 655 1105 728 severius
1126 653 1164 713 de
1184 653 1221 712 iie
1235 652 1312 732 judi·

184 761 265 824 cent,
298 775 377 834 quaa
404 756 480 816 falso
502 756 654 837 disputata
687 775 754 815 essa
784 755 822 814 iis
842 753 1009 816 videantur.
1053 750 1102 814 Ab
1132 755 1212 814 omni
1236 756 1314 814 enim

183 863 268 934 parte
289 857 428 934 rectede
450 857 619 922 Aristotelis
640 856 757 917 dicendi
780 857 897 915 ratione
921 847 1109 926 disserere'ii
1123 865 1238 916 tantum
1259 874 1312 934 po·

103 945 108 960 ⁸
183 965 292 1028 terunt,
325 959 376 1038 qui
411 979 465 1038 per
498 958 640 1039 temporis
663 959 806 1036 spatium·
820 952 902 1015 haud
931 959 1071 1036 exiguum
1093 958 1123 1016 in
1145 959 1208 1035 ejus
1230 956 1313 1017 libris

182 1059 292 1117 versati
314 1061 386 1130 sint,
415 1060 446 1119 id
469 1059 549 1139 quod
571 1059 643 1117 mihi
666 1066 698 1118 ut
716 1060 804 1118 tironi
826 1078 887 1117 non
909 1060 1041 1136 contigit,
1071 1079 1139 1118 nam
1160 1067 1194 1119 ut
1214 1058 1313 1144 verbis

181 1158 350 1240 philosophi
383 1169 463 1220 utar:
500 1156 566 1228 νέος
588 1153 615 1214 δ’
617 1159 757 1238 ἔμπειρος
778 1150 835 1215 οὐκ
855 1160 953 1216 ἔστιν·
974 1159 1099 1230 πλῆθος
1117 1152 1179 1240 γάρ
1197 1150 1313 1238 χρόνον
1374 1179 1380 1188 ·

181 1270 266 1318 ποιεῖ
287 1253 348 1330 τὴν
365 1257 526 1342 ἐμπειρίαν
554 1255 640 1342 (ath.
662 1261 728 1322 Nic.
755 1257 846 1323 1142.
870 1279 897 1324 a.
923 1258 973 1333 15,
999 1255 1064 1342 16).

266 1363 336 1422 Jarn
359 1362 399 1423 ad
420 1383 483 1423 rem
498 1371 683 1421 transeamus
705 1369 736 1421 et
755 1363 880 1441 primurn
902 1356 1023 1442 quidem
1040 1352 1096 1422 hoc
1110 1361 1313 1423 demonstrare

182 1456 254 1520 mihi
277 1463 374 1538 liceat,
409 1460 577 1524 Aristotelis
611 1461 726 1522 dicendi
761 1465 905 1524 rationem
939 1483 997 1522 non
1032 1463 1161 1524 eandam
1193 1483 1259 1523 esse
1281 1465 1312 1523 in
1405 1488 1409 1496 ’

181 1564 316 1624 omnihus
337 1567 462 1646 scriptia.
508 1565 665 1643 Exemplis
685 1562 753 1625 utar
772 1567 924 1643 particulis
946 1563 1021 1646 πρίν
1043 1573 1075 1626 at
1098 1559 1166 1644 μήν.
1271 1573 1277 1584 ”

638 1966 791 2068 caput
815 1967 848 2062 Ι.
1146 1997 1157 2035 x

179 2135 380 2200 lenleeler'en
403 2135 479 2218 πρίν
501 2141 539 2216 οἱ,
551 2129 610 2218 priv
631 2137 756 2216 exempla
777 2135 934 2202 lrletetella
958 2135 1070 2202 dleeedl
1090 2131 1233 2202 'ullam
1254 2156 1320 2214 m,

352 2239 467 2301 eaedem
492 2257 554 2300 cese
574 2237 604 2299 le
628 2239 757 2302 omnihus
781 2239 895 2320 seriptis
915 2238 1135 2302 demonstretur.

262 2373 413 2432 Particula
433 2371 507 2453 πρίν
542 2375 689 2454 quomodo
711 2375 749 2434 ab
772 2374 890 2455 optimis
912 2371 1105 2452 scriptoribus
1126 2372 1235 2435 Atticis
1258 2375 1310 2435 ad·

177 2473 272 2534 hibita
291 2475 331 2572 sit
351 2477 535 2551 grammatici
546 2471 578 2550 *)
600 2477 716 2550 docent,
738 2496 863 2556 quorum
879 2474 1041 2534 sententias
1055 2471 1167 2534 referre
1188 2476 1310 2554 longum

178 2583 224 2634 est
240 2595 338 2655 neque
360 2587 485 2657 oportet,
518 2597 586 2637 cum
622 2597 681 2638 non
715 2579 752 2637 de
770 2577 924 2656 particulis
948 2576 979 2634 in
1002 2577 1174 2636 universum
1196 2576 1250 2637 sed
1270 2578 1312 2652 de
1406 2661 1409 2666 ,

172 2675 349 2737 -Arietotells
380 2697 436 2738 usu
458 2669 558 2738 dicere
588 2680 661 2738 mihi
681 2679 893 2758 proposuerim.
939 2677 1046 2756 Itaque
1066 2685 1251 2740 transeamus
1272 2680 1311 2740 ad

176 2775 384 2858 philosophum
404 2780 511 2860 ipsum.
556 2777 636 2860 Πρίν
669 2799 735 2839 cum
756 2779 913 2839 indicativo
936 2776 982 2838 his
1008 2779 1156 2838 invenitur
1177 2775 1254 2857 (scil.
1277 2783 1309 2841 in

176 2880 213 2938 iis
235 2879 351 2966 scriptis
372 2883 450 2958 quaa
470 2882 581 2955 evolvi)
602 2881 693 2943 Rhet.
720 2879 811 2944 1393.
832 2901 859 2940 a.
888 2875 944 2944 33:
967 2877 1022 2938 καὶ
1040 2872 1102 2960 yoip
1122 2878 1252 2960 Δαρεῖος
1270 2873 1309 2940 od

176 2973 333 3058 πρότερον
354 2975 435 3058 διέβη
470 2979 547 3062 πρὶν
569 2978 737 3060 Αἴγυπτον
769 2980 885 3059 ἐλαβεν
916 2979 971 3062 (ita
999 2983 1079 3041 enim
1101 2981 1257 3045 Bekkerus
1277 2987 1307 3045 in

176 3078 306 3142 editione
335 3083 449 3144 minore
480 3104 546 3143 curm
577 3085 687 3164 optimo
721 3083 822 3144 codice
850 3078 953 3156 A⁰**)
986 3083 1150 3143 rectissime
1183 3088 1308 3166 scripsit,

176 3201 243 3242 cnm
271 3185 302 3242 in
335 3185 448 3261 majore
469 3186 579 3246 habeat
600 3184 738 3264 ἐλαβεν),
767 3184 855 3248 1393.
880 3184 909 3245 b.
933 3181 952 3244 2
988 3185 1038 3262 qni
1068 3185 1149 3246 loeus
1171 3188 1307 3264 proxime

175 3285 322 3363 seqnitur:
359 3283 413 3342 καὶ
442 3279 542 3344 πάλιν
563 3281 673 3368 Ξέρξης
696 3279 734 3344 od
755 3279 913 3368 πρότερον
934 3281 1109 3364 ἐπεχείρησε
1130 3284 1206 3366 πρὶν
1230 3289 1307 3346 sta-

174 3380 235 3459 βεν.
272 3384 370 3459 Quod·
381 3389 560 3450 indicativus
574 3397 732 3469 praeterea
751 3409 811 3448 non
831 3389 988 3461 invenitur,
1010 3385 1070 3447 noli
1085 3389 1203 3464 mirari,
1228 3390 1307 3470 quod

175 3535 380 3552 nan—ffi-——o

242 3603 325 3670 ')Cr¹.
344 3605 491 3656 Bltumlain.
526 3605 762 3669 Unterenchungen
775 3605 855 3656 'tiber
883 3601 927 3652 die
954 3601 1135 3668 griechischen
1153 3603 1226 3656 Medi
1243 3623 1304 3675 pag.

173 3689 447 3754 89-91,aa⁷-240,
473 3693 619 3744 asa-³47.
654 3691 686 3740 G.
706 3689 849 3740 Hermann.
878 3686 911 3738 de
935 3689 1065 3756 particule
1086 3684 1130 3755 ἄν,
1148 3705 1240 3756 opusc.
1257 3693 1304 3748 1v.

177 3775 321 3824 tot-soa.

228 3859 269 3926 ⁸)
288 3859 327 3910 Gi.
356 3860 479 3925 Spengel.
514 3860 728 3928 Abheudlungeu
755 3861 802 3912 der
829 3859 906 3924 Beyr.
937 3859 1079 3912 Academia
1107 3857 1154 3909 der
1188 3861 1305 3916 Wleeeu·

173 3943 300 3996 echalten.
335 3943 571 4014 Philae.-philolog.
590 3949 680 4000 classe
704 3947 749 4010 vt,
767 3961 827 4014 pag.
849 3945 995 3998 eoa-eoo.
1031 3944 1141 3996 Vahlen.
1168 3946 1303 4014 Siteunge·

174 4027 293 4080 herlotta
319 4028 368 4080 der
384 4029 496 4084 Keieerl.
515 4032 658 4086 Academie
675 4032 722 4086 der
741 4016 987 4084 wamaciehasens
1009 4029 1186 4084 Philon-hiet.
1207 4033 1303 4088 Cineae.

175 4114 250 4165 teet.
267 4119 331 4168 tom.
349 4115 391 4166 88.
410 4129 471 4182 pag.
489 4117 532 4166 92.
