3040 4852
252 1317 397 1382 Omnibus
417 1321 469 1400 qui
491 1319 523 1379 in
540 1319 639 1378 literis
672 1316 833 1378 tractandis
863 1317 977 1400 aliquid
1010 1317 1155 1399 proficere
1190 1317 1295 1392 velint,

167 1423 210 1482 ita
231 1421 348 1504 ridetur
364 1441 413 1483 res
434 1420 616 1482 instituenda
650 1439 725 1493 esse,
759 1429 790 1478 ut
825 1439 892 1480 cum
922 1421 1049 1501 primum
1081 1419 1214 1498 singulas
1248 1439 1297 1479 res

168 1532 304 1585 accurate
325 1525 578 1604 pertractaverint,
614 1521 669 1581 hoc
702 1523 787 1602 qussi
820 1515 1012 1583 fundamento
1051 1523 1209 1584 constituto
1244 1540 1296 1581 eas
1341 1587 1344 1594 ¹

167 1625 250 1704 leges
274 1634 363 1706 atque
384 1625 515 1686 rationes
539 1642 617 1703 quse
640 1624 671 1682 in
694 1625 864 1683 uuiversum
885 1625 1007 1684 valeant
1029 1642 1210 1703 cognoscere
1233 1631 1293 1683 stu·

168 1725 266 1790 deant
309 1727 348 1787 Id
369 1727 450 1808 qnod
481 1727 613 1786 maxime
641 1725 679 1786 de
707 1726 744 1786 iis
775 1726 856 1785 valet
884 1727 935 1806 qui
969 1727 1007 1787 de
1040 1746 1174 1787 sermone
1205 1732 1296 1804 atque

167 1827 285 1888 dicendi
318 1827 432 1889 ratione
461 1813 611 1908 scriptoris
633 1826 788 1904 cujusdam
822 1815 921 1905 egereJ
945 1828 1051 1904 velint,
1084 1847 1184 1908 neque
1219 1827 1298 1886 enim

168 1931 310 2008 exiguum
327 1930 491 2010 periculum
512 1937 575 2003 est,
608 1946 647 1988 ne
670 1929 795 2005 singulis
816 1929 906 1990 rebus
929 1929 1075 2007 neglectis
1097 1948 1175 1989 vana
1206 1937 1296 2008 atque

168 2031 269 2114 inania
299 2023 487 2095 contendent.
547 2031 655 2110 Itaque
688 2045 758 2090 cum
789 2029 827 2090 de
861 2026 1031 2091 Aristotelis
1081 2028 1199 2090 dicendi
1241 2050 1316 2090 usu·

170 2151 261 2209 egere
296 2127 369 2193 mihi
406 2133 626 2214 proposuerim,
666 2140 737 2192 aute
779 2132 879 2194 omuia
905 2131 943 2192 de
980 2133 1106 2210 singulis
1142 2131 1296 2211 particulis

168 2233 318 2316 quomodo
358 2233 556 2295 adhibeantur
586 2232 704 2293 videtur
737 2232 893 2294 dicendum
910 2254 1005 2296 esse.
1051 2233 1160 2294 Talem
1194 2241 1295 2294 eutem

169 2335 390 2416 inquisitionem
422 2334 502 2416 apud
524 2335 717 2402 Aristotelem
738 2325 896 2415 praecipue
921 2336 1044 2396 maximi
1066 2335 1207 2395 momenti
1228 2353 1296 2401 esse

169 2437 207 2496 ab
234 2437 370 2497 omnibns
398 2433 577 2506 conceditur,
620 2444 652 2495 nt
684 2435 716 2496 et
745 2436 838 2515 ipsius
876 2437 969 2498 verba
1004 2438 1112 2497 melius
1148 2435 1296 2514 intelliga-

169 2557 233 2598 mus
251 2547 343 2618 etque
362 2545 480 2598 textum
502 2538 587 2598 nobis
618 2537 758 2598 traditum
781 2538 973 2598 emendemus
1003 2546 1034 2598 et
1062 2545 1157 2598 totum
1180 2535 1297 2598 dicendi

168 2655 254 2699 usum
276 2639 380 2719 qualis
393 2641 483 2701 fuerit
503 2639 553 2699 illu
578 2649 712 2720 tempore
733 2649 953 2716 cognoscamus.
997 2639 1158 2698 Praeterea
1173 2639 1297 2699 ubicun-

168 2758 226 2821 que
248 2739 407 2814 dubitatur,
423 2749 522 2799 utrum
546 2741 656 2817 singuli
675 2740 742 2800 libri
763 2739 801 2799 ab
824 2738 986 2799 Aristotele
1004 2725 1069 2820 ipso
1092 2740 1217 2819 profecti
1240 2742 1300 2801 sint

168 2859 270 2916 necne,
307 2840 346 2900 ed
379 2860 442 2902 rem
464 2837 684 2920 dijudicandam
715 2841 983 2918 magnacusititati
1004 2849 1051 2902 est
1080 2841 1192 2916 videre,
1227 2862 1298 2901 num

169 2959 269 3000 eorum
290 2939 431 3002 librorum
452 2941 569 3002 dicendi
590 2943 665 3000 ratio
687 2941 725 3002 ad
747 2941 831 3002 illum
853 2941 996 3021 quadret;
1034 2940 1115 3022 quod
1136 2952 1236 3004 antem
1260 2945 1299 3005 ad

170 3042 338 3122 suscripta
358 3045 480 3117 attium,
505 3061 581 3123 quae
602 3041 757 3104 Aristoteli
780 3045 934 3122 supposita
953 3063 1019 3104 esse
1038 3052 1162 3119 constat,
1192 3065 1231 3105 ex
1254 3055 1298 3105 ta·
1369 3053 1373 3059 “

168 3141 246 3202 libus
267 3144 358 3204 rebus
380 3143 458 3203 effici
481 3150 589 3226 potest,
624 3144 784 3223 propiusue
818 3144 961 3204 accedam
993 3145 1031 3206 ad
1065 3144 1235 3226 philosophi
1267 3157 1298 3208 et

169 3241 286 3304 dicendi
309 3245 453 3305 rationem
468 3254 499 3306 et
518 3255 636 3324 tempus
657 3265 696 3305 au
716 3246 834 3324 lougius
854 3243 972 3308 distent.
1016 3244 1106 3307 Addo
1127 3265 1166 3307 ex
1181 3248 1299 3309 dicendi

169 3347 282 3406 ratione
316 3347 479 3408 accuratius
501 3346 655 3408 tractanda
675 3345 755 3408 haud
777 3367 842 3408 raro
870 3367 1017 3428 apparere
1048 3355 1080 3407 et
1112 3356 1175 3408 tota
1202 3333 1302 3430 ipsius

168 3441 340 3507 Aristotelis
362 3449 472 3528 scripta
498 3449 576 3509 inter
608 3469 641 3510 se
675 3458 706 3510 et
738 3439 870 3526 singulos
902 3449 993 3510 libros
1028 3445 1162 3526 ejusdem
1196 3451 1296 3529 scripti

169 3548 242 3608 miro
265 3547 354 3610 modo
377 3547 547 3624 dissentire3
569 3569 648 3630 quse
665 3569 714 3610 res
733 3549 858 3610 multum
881 3548 1022 3630 prodesse
1043 3555 1143 3630 potest
1162 3550 1201 3610 ad
1216 3551 1297 3628 judi·

170 3649 261 3722 cium,
290 3669 349 3730 quo
380 3650 483 3712 ordine
517 3651 693 3712 Aristotcles
724 3649 815 3710 libros
849 3652 1015 3732 scripserit,
1049 3651 1300 3730 constituendum,

170 3749 206 3810 ln
227 3751 363 3812 omnibns
379 3771 451 3812 vero
470 3753 582 3814 talibus
601 3753 690 3815 rebus
715 3771 829 3814 summa
851 3755 988 3816 untione
1008 3773 1083 3836 opus
1105 3773 1172 3818 esse
1194 3755 1300 3832 elucet,
1330 3735 1337 3754 ⁸

170 3851 213 3912 ite
233 3862 266 3913 nt
287 3851 361 3914 nihil
383 3853 484 3934 profici
506 3875 594 3936 posse
615 3865 759 3937 putemus,
794 3857 851 3916 uisi
872 3851 932 3916 hoc
952 3865 1087 3918 tenemus
1111 3857 1191 3940 quod
1214 3879 1300 3939 praeff

172 3953 279 4034 cipitur
310 3955 343 4015 in
364 3953 620 4036 Physiognomiois
653 3955 725 4020 806.
749 3957 778 4018 h.
802 3953 963 4021 37-307.
985 3977 1013 4020 e.
1036 3955 1073 4020 3:
1108 3947 1186 4031 ὅλως
1203 3956 1237 4018 δὲ
1257 3955 1301 4020 τὸ

171 4051 216 4112 tvi
237 4051 292 4134 μὲν
314 4043 479 4114 πιστεύειν
497 4062 563 4116 τῶν
593 4053 724 4139 σημείων
747 4047 862 4128 εὔηθες·
893 4045 976 4116 ὅταν
996 4054 1030 4116 dl
1052 4057 1149 4120 nisio)
1171 4070 1301 4142 συμφω-

171 4159 294 4216 νοῦντα
324 4147 398 4216 καθ’
424 4149 491 4228 ἑνὸς
518 4151 618 4240 λάβῃ,
656 4157 781 4240 μᾶλλον
808 4148 866 4230 ἤδη
894 4152 981 4218 κατὰ
998 4155 1052 4218 ’τὸ
1082 4155 1161 4233 εἰκός
1189 4153 1231 4219 ἄν
1252 4181 1302 4234 τις

1064 4277 1095 4326 μ
