3040 4852
697 214 880 342 4ss

137 459 220 550 ’Pei
236 455 325 524 1264.
338 459 367 522 b.
380 455 411 535 9,
427 457 478 518 nbi
494 417 652 520 Beklserns
667 459 696 518 in
713 456 841 520 editione
855 458 967 536 majore
981 432 1109 538 scripsit:
1131 461 1233 516 τοῦτο
1249 449 1284 514 di
1359 490 1364 496 -

155 553 296 632 στάσεως
318 556 424 619 αἴτιον
446 557 567 638 γίνεται
590 556 643 618 καὶ
664 552 754 640 παρά
781 567 851 630 τοῖς
872 553 965 639 μηδὲν
985 553 1108 639 ἀξίωμα
1140 554 1283 638 empty

156 683 226 734 νοις,
248 654 264 732 ἦ
286 653 350 720 πού
363 681 397 740 ys
414 653 452 732 δὴ
474 653 566 741 παρά
589 681 623 738 γε
643 657 821 742 θυμοειδέσι
842 657 897 719 καὶ
918 659 1096 740 πολεμικοῖς
1116 652 1283 741 ἀνδράσιν,

156 765 191 826 ci.
216 764 314 824 Klotz.
338 772 439 823 annot.
459 761 498 822 ad
528 763 604 826 Des.
628 761 707 839 597,
744 767 773 824 in
793 765 906 824 minore
928 751 1069 830 ἤποιιθεν
1092 755 1129 831 δή
1154 761 1283 834 (codices
1385 765 1391 772 '

156 865 232 924 enim
255 867 332 927 inter
353 885 387 926 se
409 859 611 944 dissentiunt).
656 865 718 925 Sed
740 887 806 926 cum
829 874 933 925 neutra
948 864 1035 925 lectio
1059 865 1120 924 ullo
1141 865 1200 926 alio
1217 866 1301 926 loco.

155 965 371 1046 quodammodo
406 966 494 1027 simili
516 966 666 1045 ptobetur‚
704 968 818 1029 nescire
852 985 900 1027 me
922 967 1026 1039 fateor,
1064 965 1136 1047 quid
1158 967 1281 1028 deloco

154 1047 344 1130 statuendum
363 1071 412 1128 sit.
442 1103 464 1110 »

241 1171 409 1250 Antequam
431 1169 470 1230 ad
500 1169 588 1229 elium
623 1179 809 1231 transeamus
841 1169 1024 1250 particulam,
1059 1171 1160 1251 paneis
1183 1170 1283 1232 verbis
1326 1185 1330 1198 ·

154 1271 272 1332 videtur
289 1271 598 1351 comprehendendum
621 1290 697 1345 esse,
720 1291 808 1351 quem
831 1271 869 1331 ed
889 1269 1010 1330 modum
1030 1273 1062 1334 in
1086 1272 1229 1350 particula
1245 1265 1283 1340 δή

154 1372 324 1436 adhibenda
345 1373 525 1433 Aristoteles
550 1373 587 1432 ab
612 1375 648 1432 iis
671 1372 770 1448 distet,
805 1374 856 1452 qni
889 1381 958 1434 ante
991 1392 1059 1432 eum
1093 1373 1283 1453 scripserunt.

156 1475 194 1534 ht
216 1474 335 1554 quidem
350 1476 414 1534 ‘hoc
447 1474 605 1535 discrimen
627 1493 772 1536 summum
803 1494 870 1534 esse
893 1483 981 1553 puto,
1016 1472 1098 1554 quod
1132 1466 1171 1544 dei
1203 1473 1282 1555 apud
1368 1479 1371 1486 '

156 1595 222 1636 eum
244 1575 336 1636 multo
358 1577 479 1656 saepius
498 1558 539 1635 ita
564 1585 732 1656 usurpetur,
751 1587 786 1636 ut
808 1596 867 1636 non
882 1575 976 1636 solnm
991 1577 1068 1640 iutra
1090 1577 1282 1652 enuntiatum,

156 1679 186 1735 in
206 1697 273 1758 qno·
288 1679 416 1757 positum
441 1687 500 1752 est,
536 1679 597 1737 vim
622 1687 769 1751 exerceat,
804 1677 859 1738 sed
880 1678 969 1740 etiem
990 1676 1110 1752 indicet,
1134 1677 1282 1758 quomodo
1340 1699 1343 1706 ’

156 1777 225 1838 iliud
239 1765 316 1840 ¹oum
350 1781 387 1839 iis
420 1799 498 1859 quae
525 1765 704 1839 antecedunt
724 1780 897 1852 cohaereat3
932 1786 1036 1838 centra
1068 1781 1158 1839 multo
1187 1781 1282 1842 rarius
1345 1785 1351 1862 J

156 1881 196 1940 ita
229 1879 396 1956 adhibetur,
429 1889 462 1939 nt
497 1899 580 1940 suum
616 1889 729 1941 tentum
761 1880 946 1940 enuntiatum
969 1879 1090 1946 efficiat.
1135 1873 1227 1956 Quod
1251 1889 1284 1940 ut

95 2053 102 2068 ι
155 1981 298 2062 exemplis
323 1982 530 2056 demonstrem,
565 1982 656 2041 affero
675 1974 729 2052 dri
764 1963 844 2061 epud
877 2001 945 2042 eum
972 1992 1041 2061 post
1061 1982 1306 2064 superlativum,-

154 2093 221 2162 post
243 2104 273 2142 v.
295 2075 408 2154 πολύς,
432 2093 501 2163 post
513 2083 657 2144 adverbia
671 2083 847 2163 temporalia
868 2084 1011 2158 (maxime
1032 2086 1101 2158 νῦν)
1122 2083 1203 2144 nullo
1217 2083 1282 2144 loco

154 2187 288 2258 inveniri,
309 2204 407 2264 neque
438 2180 473 2261 γὲ
494 2177 532 2254 δή
555 2204 653 2264 neque
675 2179 733 2242 ἵνα
757 2176 795 2254 δή
817 2186 846 2244 in
870 2205 925 2246 neu
948 2205 1025 2246 esse.
1069 2185 1204 2266 Apparet
1227 2187 1281 2265 igi·
1312 2181 1342 2194 ⁰
1356 2191 1374 2232 '-

146 2295 202 2350 tur
223 2296 366 2365 quantum
387 2285 478 2346 distet
508 2285 682 2346 Aristoteles
701 2306 719 2346 a
741 2285 877 2358 Platone,
912 2289 963 2366 qui
996 2279 1034 2356 δή
1066 2287 1203 2347 omnibus
1223 2287 1283 2348 illis

154 2389 319 2449 rationibus
341 2377 514 2467 saepissime
543 2387 675 2448 adhibet.
721 2386 781 2446 Sed
803 2389 962 2468 scriptores
992 2388 1133 2450 librorum
1154 2387 1281 2468 pseudo·

154 2490 390 2550 sristoteleorum
425 2499 456 2550 et
479 2489 707 2568 Theophrastus
742 2489 822 2548 haud
856 2509 922 2549 raro
956 2485 1106 2550 redieruut
1135 2489 1174 2549 ad
1190 2509 1281 2552 usum

154 2612 256 2652 eorum
279 2593 329 2672 qui
352 2599 422 2652 unte
446 2586 638 2650 Aristotelem
661 2590 849 2668 scripserunt.
896 2589 946 2649 Sin
968 2600 1002 2649 ut
1019 2611 1057 2650 ex
1072 2590 1282 2670 Theophrasto

154 2694 324 2774 exemptum
345 2694 467 2752 afferam
488 2693 525 2752 cf.
547 2692 649 2753 histor.
672 2691 766 2770 plant.
791 2691 849 2754 111.
876 2690 907 2752 7.
929 2691 965 2756 6:
988 2689 1014 2750 ei
1035 2686 1069 2748 δέ
1090 2709 1125 2768 γε
1144 2687 1193 2766 dri,
1227 2692 1283 2753 IV.

154 2793 183 2856 2.
207 2793 241 2856 i:
262 2790 363 2873 καί-γὲ
378 2788 429 2874 δή,
452 2794 506 2856 1v.
528 2792 558 2854 4.
581 2793 618 2856 5:
641 2780 679 2862 ὥς
694 2810 728 2868 γε
751 2783 799 2860 δή.
842 2791 998 2873 Postremo
1021 2802 1124 2870 repeto
1139 2793 1211 2874 quia
1232 2813 1281 2854 res

145 2893 270 2954 'videtur
291 2896 468 2974 gravissima
489 2914 565 2968 esse,
589 2885 627 2963 dri
640 2895 671 2952 in
686 2893 751 2952 eliis
767 2893 882 2974 scriptis
903 2894 996 2956 multo
1013 2896 1132 2973 saepius
1146 2889 1284 2956 adhiberi

154 3016 243 3077 quum
264 2999 294 3081 iu
324 2998 407 3070 eliis:
442 2996 614 3076 saepissime
645 2997 722 3057 enim
749 2996 900 3056 iuvenitur
921 2997 953 3055 in
971 2995 1085 3056 Ethicis
1108 2995 1159 3072 (de
1181 2996 1283 3056 discri-

153 3099 240 3169 mine,
272 3099 352 3179 quod
375 3100 453 3158 inter
482 3098 614 3175 singulos
635 3097 728 3158 libros
750 3094 917 3170 intersedit,
948 3115 1040 3176 supra
1072 3095 1183 3156 dictum
1216 3097 1284 3172 est),

154 3209 317 3280 sequuntur
351 3202 408 3260 boc
432 3199 548 3259 ordine:
581 3197 804 3278 Metepbysicu,
836 3198 976 3280 Physica,
1011 3195 1078 3258 libri
1114 3198 1154 3260 de
1175 3199 1283 3272 anima,

155 3302 300 3376 Politice,
323 3295 413 3362 m'ulto
435 3301 530 3362 rarius
553 3302 582 3359 in
598 3300 764 3360 Rhetoricis
787 3308 817 3362 et
831 3301 960 3362 Poeticis
982 3302 1013 3360 in
1036 3318 1092 3360 nsn
1113 3309 1169 3363 est.
1193 3297 1282 3374 Quod

155 3403 303 3484 quomodo
326 3401 536 3483 explicandum
558 3405 597 3462 sit
619 3403 674 3464 hoe
696 3402 759 3462 loco
781 3403 955 3482 perscrutari
978 3402 1099 3477 longum
1122 3410 1177 3464 est
