3040 4852
234 441 285 510 89.
333 423 408 508 Cum
443 447 589 508 nonnullis
615 448 766 527 particulis
791 439 878 506 οίλλοί
907 449 1094 526 conjunctum
1116 403 1274 538 Qnitur.
1311 447 1364 508 sia

190 585 198 594 -
231 542 317 606 ἀλλὰ
349 539 409 628 μήν
438 548 497 612 vid.
528 569 598 628 pag.
621 548 662 632 8
663 569 727 629 sqq.
752 540 821 606 ἀλλ’
855 539 919 629 ἄρα
942 550 1001 613 vid
1031 570 1114 628 quac
1147 550 1184 609 de
1215 550 1362 629 particula

231 641 296 731 ἄρα
317 651 394 710 infra
416 653 546 715 afferam.
583 642 669 707 οίλλοί
699 643 760 730 γοίρ
773 647 824 728 *):·
848 635 935 710 Polit.
961 650 1052 716 1264.
1075 673 1102 714 a.
1125 650 1175 725 36,
1212 650 1304 715 1215
1328 651 1359 712 b.

232 749 272 816 13
295 753 362 826 (ubi
395 754 517 830 verbum
552 751 770 831 interponitur),
803 751 895 815 1282
904 754 947 816 1).
967 752 995 825 8,
1032 752 1123 817 1’.323
1146 753 1175 815 b
1201 753 1252 817 36.
1297 753 1361 814 Me·

229 855 312 934 apa.
334 835 406 918 aaa.
429 856 458 918 ι.
484 852 535 917 21.
579 854 672 932 Phys.
697 853 768 916 253.
801 875 829 914 ι.
852 853 905 932 ao.
951 849 1020 911 ιιι)
1043 845 1164 935 ιον)
1185 875 1252 917 ..ιι
1277 853 1361 914 acai-

230 957 332 1018 betur:
354 957 486 1036 Metaph.
511 953 605 1018 1050.
629 975 657 1017 a.
680 954 709 1029 2,
734 956 827 1036 Phys.
853 955 927 1020 214.
947 979 976 1016 a.
1002 957 1038 1031 6;
1064 947 1148 1027 Poet.
1176 955 1266 1019 1461.
1289 977 1317 1017 a.
1346 955 1355 1016 l

231 1058 395 1132 Bonitzius,
417 1058 454 1120 ιι.
471 1056 698 1116 Aristoteliam
711 1043 847 1133 scutica.
872 1059 898 1118 1.
923 1057 973 1129 99,
996 1059 1113 1137 saepsit
1135 1050 1206 1115 aas
1230 1049 1286 1117 ..οι
1308 1079 1361 1139 pro

231 1153 301 1216 ἀλλ’
320 1144 368 1234 οὗ,
392 1159 469 1240 quod
501 1159 591 1236 vulgo
614 1158 730 1242 legitur.
775 1159 811 1216 In
849 1159 930 1219 libris
961 1159 1256 1238 pseudoaristoteleis
1291 1154 1396 1217 ἀλλ”

232 1251 288 1318 οὖν
309 1261 456 1324 nonnullis
490 1261 561 1320 locis
594 1267 661 1338 post
697 1261 930 1320 enuntiationem
966 1260 1192 1320 conditionalem
1222 1263 1253 1320 in
1276 1282 1362 1321 usum

231 1357 402 1442 vanit***).
446 1361 545 1424 Ethic.
568 1361 695 1423 Eadem.
724 1359 815 1424 1216.
838 1361 867 1421 b.
892 1361 926 1423 1:
961 1353 1020 1419 κᾶν
1054 1361 1079 1418 εἰ
1108 1353 1157 1441 μὴ,
1180 1355 1300 1432 πάντες
1321 1362 1363 1434 εἰς

231 1457 291 1534 τὴν
315 1459 527 1542 εὐδαιμονίαν,
550 1455 620 1521 ἀλλ’
643 1454 698 1522 οὖν
721 1463 751 1519 ol
772 1454 869 1539 λόγου
893 1453 981 1534 ἄξιοι,
1013 1464 1115 1540 Magn.
1137 1464 1243 1526 Moral.
1269 1463 1366 1530 1207.

231 1565 262 1624 1).
289 1564 342 1625 13:
368 1553 443 1622 ὥστ’
468 1565 493 1622 εί
514 1562 567 1621 καὶ
590 1547 762 1634 ἡτοιαύτη
784 1559 874 1621 ἐστὶν
893 1558 1038 1642 εὐτυχία,
1061 1557 1131 1625 ἄλλ’
1152 1555 1209 1622 οὖν
1227 1557 1306 1644 πρός
1328 1584 1363 1644 γε

231 1659 290 1734 τὴν
310 1661 511 1745 εὐδαιμονίαν
534 1659 702 1737 ἡτοιαύτη
723 1653 764 1723 οίν
784 1659 827 1733 ata
842 1655 973 1742 εὐτυχία
994 1661 1173 1750 οἰκειοτέρα.
1197 1665 1235 1726 de
1250 1666 1361 1726 mundo

232 1765 306 1829 391.
327 1768 356 1832 b.
379 1765 429 1833 12.
463 1769 642 1828 Locutiones
667 1759 703 1824 ου’
732 1761 839 1846 μέντοι
860 1757 947 1823 οίλλοί
967 1776 999 1825 ct
1021 1761 1057 1822 os'
1083 1760 1144 1846 γοίρ
1168 1760 1256 1824 α’λλοί
1279 1767 1360 1845 apud
1458 1774 1463 1783 '

233 1868 425 1930 Aristotelem
457 1891 515 1928 non
538 1872 735 1944 inveniuntur,
770 1878 871 1929 contra
901 1869 1001 1946 Magn.
1025 1869 1138 1956 Moral.¹
1154 1866 1245 1931 1209.
1270 1890 1295 1929 a.
1322 1866 1362 1931 15
1441 1856 1446 1865 ’

107 1970 119 2042 J
234 1962 271 2026 od
291 1963 352 2050 yolp
373 1965 462 2031 άλλοί
484 1971 655 2045 adhibetur3
680 1971 718 2030 do
740 1961 777 2026 οὕ
801 1963 860 2050 μὴν
883 1962 969 2027 ἄλλοί
991 1992 1019 2033 v.
1042 1990 1112 2050 pag.
1129 1969 1159 2033 9.
1181 1961 1250 2027 ἀλλ’
1275 1961 1302 2042 ἥ,
1324 1971 1362 2030 de
1415 2045 1423 2058 ἢ
1507 1994 1508 2015 ι

232 2073 341 2153 quibus
364 2074 516 2152 particulis
538 2074 755 2134 accuratissime
775 2073 986 2146 Ratumenna,
1012 2073 1050 2132 cf.
1073 2072 1265 2134 Griechiscba
1287 2074 1361 2132 Par-

232 2173 326 2232 tikeln
348 2196 382 2266 P‘.
408 2175 498 2248 1-7,
530 2175 669 2254 disputat,
700 2176 819 2254 saepius
842 2175 873 2232 in
889 2163 1030 2233 'omnibus
1053 2175 1169 2253 scriptis
1192 2162 1361 2254 usurpatur.

231 2276 363 2354 Metaph.
377 2274 449 2338 981.
463 2297 490 2334 a.
512 2272 551 2339 18
573 2268 657 2345 subdu
681 2269 750 2332 ἀλλ’
772 2267 893 2353 rivulgo
907 2277 1030 2352 legitur:
1054 2266 1092 2332 οιί
1111 2267 1173 2355 γοὶρ
1194 2266 1363 2355 ἄνθρωπος

164 2419 168 2426 .
231 2370 347 2456 ὑγιάζει
369 2373 385 2432 ὁ
408 2369 571 2458 ἰατρεύων,
593 2367 769 2444 wiltis-oliti]
792 2365 809 2447 ἢ
833 2368 920 2440 κατὰ
939 2369 1130 2454 συμβεβηκός,
1153 2397 1240 2457 quem
1264 2378 1362 2458 locam

231 2479 380 2558 explicare
395 2478 507 2538 studuit
520 2475 658 2541 Klotzius
681 2480 700 2541 l.
719 2479 739 2542 l.
762 2500 831 2559 pag.
854 2477 896 2541 50
919 2487 949 2538 et
972 2477 1043 2542 725.
1083 2479 1149 2538 -Sed
1163 2499 1238 2541 ,cnm
1262 2499 1361 2558 neque

231 2581 291 2658 ullo
311 2580 367 2639 alio
386 2581 450 2640 loco
475 2601 511 2640 aa
526 2590 558 2640 ut
577 2583 619 2639 ita
634 2581 730 2640 dicam
745 2581 907 2658 tautologia
917 2582 1091 2640 inveniatur
1107 2579 1204 2660 neque
1225 2573 1309 2664 πλήν
1330 2581 1361 2640 in

231 2681 295 2745 cod.
318 2677 365 2740 Ab
388 2679 436 2742 Db
461 2679 509 2740 Hb
542 2683 619 2755 insit,
656 2703 715 2742 non
751 2682 853 2741 dubito
887 2683 960 2762 quin
991 2683 1163 2744 Brandisins
1197 2683 1362 2744 rectissima

170 2845 172 2852 ,
230 2776 313 2870 πλήν
337 2785 475 2846 omiserit.
518 2783 765 2850 Videturautem
787 2786 816 2842 in
839 2784 922 2846 libris
946 2785 1131 2844 Aristotelcis
1166 2785 1283 2862 saepius
1318 2786 1361 2844 fa·

234 2895 312 2943 ctum
335 2904 411 2960 csse,
435 2893 469 2943 nt
490 2882 634 2966 particula
656 2885 803 2966 quaedam
819 2884 856 2944 ad
879 2885 969 2944 aliam
984 2885 1189 2965 explicandam
1212 2885 1362 2965 adscripta

231 2987 306 3060 falso
332 2979 497 3045 intextum
521 2988 688 3067 irrepserit,
721 2987 764 3044 ita
786 2995 817 3072 ut
840 2986 917 3045 duae
941 3006 1019 3065 quaa
1041 2986 1120 3046 idem
1143 2987 1309 3064 significant
1330 2989 1381 3046 in‘

140 3077 144 3086 ’
231 3087 382 3148 codicibus
399 3089 500 3149 insint.
544 3089 709 3150 Occasione
730 3087 831 3147 oblata
855 3089 946 3148 affero
966 3097 1035 3167 post
1056 3081 1140 3156 πλήν
1161 3089 1264 3166 paucis
1287 3089 1360 3148 locis

230 3209 285 3268 per
318 3190 521 3268 pleonasmnm
555 3189 703 3270 quendam
727 3191 920 3269 negationem
937 3189 1016 3268 poni,
1054 3189 1106 3249 ubi
1138 3207 1361 3267 supervacanea

231 3300 285 3354 est.
330 3291 376 3354 Of.
400 3290 471 3349 Eth.
499 3289 590 3353 1124
614 3290 643 3349 b.
666 3288 723 3353 30:
745 3285 794 3356 διὸ
817 3289 871 3347 καί
892 3283 1106 3360 aqucv‘crao‘g,
1129 3277 1254 3359 attat
1236 3311 1300 3378 οςα
1320 3313 1361 3395 pq

200 3389 205 3400 “
231 3384 268 3449 δι’
293 3390 453 3473 εἰρωνείαν,
479 3391 517 3450 de
536 3393 634 3452 anima
657 3391 729 3455 406.
754 3393 783 3451 b.
808 3395 844 3458 8:
877 3413 915 3448 ov
906 3386 984 3448 ’δεῖ
1011 3382 1088 3448 δὲ
1066 3412 1089 3469 ῳ
1107 3411 1148 3448 το
1168 3386 1220 3472 ὑφ’
1245 3381 1361 3450 ἑαυτου

234 3492 425 3553 macacSac'
414 3513 445 3551 εν
465 3487 517 3574 τῇ
529 3488 634 3572 οὐσίᾳ,
656 3487 788 3552 vocs*
770 3484 824 3550 vac'
848 3484 950 3551 ἄλλον
970 3492 1137 3564 κινεῖσθαι,
1173 3486 1296 3564 πλὴν’
1273 3513 1298 3550 ει
1320 3515 1360 3573 μη
1400 3501 1404 3508 “

298 3695 321 3762 *)
344 3694 487 3746 Hermann.
506 3693 597 3758 Vigor.
616 3693 677 3747 edit.
696 3693 742 3746 1v.
764 3711 826 3760 pag.
847 3696 906 3746 810.

286 3779 326 3846 lul)
346 3797 371 3831 v.
391 3773 522 3844 Hartung.
545 3779 563 3827 l.
581 3779 599 3828 l.
621 3779 655 3828 11.
674 3797 735 3846 pag.
754 3783 796 3830 20.

183 3877 186 3882 ·
271 3863 325 3929 W)
344 3863 421 3931 Apud
444 3862 654 3929 Theophrastum
684 3859 720 3915 ού
748 3856 801 3931 μὴν
829 3856 888 3916 ἀλλ’
919 3848 971 3915 οὖν
996 3861 1131 3913 inuenitur
1152 3862 1214 3914 hist.
1236 3863 1319 3929 plant.
1338 3865 1360 3916 1.

229 3952 254 4004 9.
276 3952 303 3999 l:
322 3945 382 4000 ἔνια
401 3941 512 4012 tactor
532 3946 657 4018 σχίζεται
683 3940 745 4000 οἷον
761 3945 779 4012 ἡ
798 3946 895 4016 μηλέαν
920 3940 960 4000 τά
980 3941 1008 3999 δὲ
1026 3940 1191 4000 τολύιιλαδα
1210 3948 1258 3999 καὶ
1276 3947 1359 4014 μείζω

228 4027 279 4086 τὸν
297 4027 380 4102 ὄγκον
397 4029 453 4101 ἔχει
469 4027 520 4087 τὸν
540 4029 598 4087 dvo)
610 4027 737 4108 καθάπερ
755 4025 816 4100 ῥόα.
837 4031 872 4086 οὐ
890 4030 943 4102 μὴν
963 4031 1023 4088 ἀλλ’
1044 4021 1096 4086 οὖν
1114 4027 1228 4102 μέγιστά
1246 4048 1274 4099 γε
1292 4049 1359 4101 συμ·

226 4113 362 4183 βάλλεται
381 4113 446 4192 πρὸς
464 4113 582 4172 ἕκαστον
600 4117 617 4185 ἡ
637 4111 732 4188 ἀγωγὴ
749 4119 799 4170 καὶ
818 4115 833 4172 ὁ
851 4115 936 4184 τόπος
954 4121 1003 4173 καὶ
1023 4112 1159 4192 ἠτροφή.
