3040 4852
693 235 744 308 21.

237 429 344 510 Itaque
367 451 432 490 cum
453 450 552 512 neque
574 432 712 511 exempla
735 451 812 511 quas
834 429 925 491 allata
948 429 1107 512 quidquam
1132 440 1280 512 suutpro·

146 533 221 592 bant
245 552 341 612 neque
373 535 402 591 iu
425 533 558 592 Politicis
582 533 661 592 ullus
683 531 765 592 locus
786 531 963 606 inveniatur,
984 527 1073 593 obici
1095 525 1195 613 yoip„
1197 553 1278 593 nam-
1381 553 1389 568 ⁸

146 635 239 713 quo‘‚
265 635 411 702 „etenim”
437 633 603 710 significare
626 641 740 694 constet
761 655 861 714 neque
878 629 918 693 in
937 634 1043 694 ceteris
1053 631 1180 716 scriptis
1202 655 1279 715 quae

147 735 249 794 evolvi
271 735 346 794 tales
366 736 423 798 loci
446 745 563 794 exstent
574 737 621 812 *)
653 735 704 795 ille
723 736 931 815 particularum
955 729 992 794 τὲ
1012 731 1073 814 γάρ
1097 755 1168 796 usus
1191 755 1280 815 quem
1335 751 1338 774 ³

147 836 297 904 11101πί11,
324 835 507 895 Friteschius
543 838 594 895 alii
629 836 786 897 voluerunt
820 837 899 918 apud
933 832 1127 900 Aristotelem
1159 835 1280 916 quidem

148 937 241 996 statui
264 937 374 1018 nequit

236 1039 346 1118 Neque
368 1039 405 1098 de
427 1039 578 1118 particulis
592 1033 629 1095 τὲ
643 1031 680 1107 δή
703 1059 804 1098 omnes
825 1015 1032 1115 grammaticos
1046 1047 1127 1099 recte
1145 1015 1281 1134 judicare

149 1158 268 1199 censeo.
314 1139 389 1199 Cum
413 1141 491 1199 enim
514 1141 544 1198 in
566 1140 613 1199 his
635 1141 786 1220 particulis
808 1139 845 1199 de
871 1159 907 1198 ea
928 1137 1049 1219 quidem
1070 1160 1102 1200 re
1128 1160 1185 1199 non
1211 1159 1280 1228 aga-

148 1253 206 1314 tur,
231 1245 301 1300 num
324 1236 361 1296 τέ
392 1261 512 1319 prorsus
545 1241 635 1300 aliam
668 1241 913 1317 significationem
947 1238 1059 1324 induat,
1096 1237 1151 1300 hoc
1179 1248 1281 1299 tamen

147 1339 269 1400 dubium
294 1351 347 1414 eet,
370 1345 467 1401 utrum
489 1337 526 1397 τέ
544 1363 600 1421 por
622 1361 654 1400 se
670 1341 764 1400 solum
780 1341 931 1400 enuntiata
952 1343 1112 1422 conjungat
1133 1363 1172 1402 an
1186 1341 1280 1405 altero

148 1437 186 1498 τέ
209 1441 256 1499 vel
278 1437 330 1497 καί
349 1441 521 1521 excipiatur.
567 1441 646 1502 lllud
666 1442 797 1522 praefert
824 1439 1007 1526 Fiitzschius
1029 1461 1104 1529 cumx
1117 1444 1154 1504 ed
1180 1441 1279 1506 Ethic.

152 1541 244 1606 1156.
278 1564 304 1604 a.
334 1543 370 1606 17
401 1542 475 1601 haec
514 1543 636 1602 afferat:
670 1542 885 1632 „consociatae
917 1543 1079 1622 particulae
1111 1538 1149 1601 τέ
1170 1535 1208 1611 δή
1228 1531 1279 1615 (ds

151 1644 258 1722 quibus
279 1653 309 1702 et
336 1644 368 1702 in
389 1645 628 1703 annotationibus
650 1643 688 1703 ad
712 1643 843 1720 Vigor.
840 1665 869 1722 p
893 1641 956 1705 497
987 1652 1016 1702 ct
1045 1645 1153 1722 insigni
1172 1643 1278 1734 doctri-

149 1765 190 1804 na
210 1745 248 1804 ab
271 1743 395 1804 Zellio'
388 1766 416 1802 ιιι
447 1747 540 1804 nostri
564 1747 772 1804 commentario
808 1744 865 1802 loci
888 1741 1067 1824 disputatur)
1100 1743 1138 1804 ad
1162 1745 1278 1804 conclu-

148 1845 347 1906 dendamt
300 1815 347 1905 rol
349 1848 444 1905 ionem
469 1846 510 1905 ita
531 1847 655 1920 faciunt,
694 1855 725 1904 ut
747 1865 812 1904 cum
837 1846 964 1905 barbara
986 1843 1114 1905 dictione
1128 1846 1197 1906 und
1215 1846 1278 1906 also

19 1981 24 1988 ·
139 1943 311 2027 'comparari
333 1949 454 2028 possint
500 1947 547 2010 Of.
570 1947 662 2026 Phys.
691 1949 715 2009 1.
735 1945 765 2020 3,
794 1967 822 2024 p.
847 1937 962 2008 18611
962 1943 1023 2010 ..4
1067 1941 1289 2010 1111111111.Δ

148 2047 200 2124 21,
237 2071 265 2129 p.
292 2047 364 2112 129.
395 2049 423 2110 b.
446 2047 482 2122 ὃς
516 2048 700 2122 P01.11.5,
726 2045 874 2128 p.1263.
900 2047 928 2108 b.
954 2048 1004 2110 7.“
1049 2047 1110 2108 sed
1143 2047 1180 2108 de
1212 2049 1280 2126 ejus

148 2151 298 2210 sententia
321 2159 479 2229 propterea
501 2149 605 2209 dubito
628 2152 698 2229 qnia
720 2158 750 2209 et
770 2149 949 2209 Aristoteles
969 2148 1007 2209 ad
1030 2149 1061 2209 id
1083 2150 1161 2230 quod
1185 2151 1280 2210 Frits·

148 2251 248 2311 sobius
269 2252 333 2310 vult
350 2251 573 2328 significandum
595 2251 748 2328 particulis
769 2247 823 2306 καὶ
844 2242 883 2318 δή
904 2252 999 2310 utitur·
1015 2258 1047 2310 et
1066 2252 1201 2312 omnibus
1215 2253 1280 2312 sere

145 2353 228 2424 locis,
253 2352 362 2432 quibus
386 2347 423 2408 τὲ
453 2345 492 2420 δή
519 2351 638 2430 legitur,
662 2360 787 2432 apparet
819 2346 855 2409 τέ
877 2350 917 2410 ad
950 2351 1074 2412 alteram
1105 2353 1280 2434 particulam

145 2453 341 2532 copulativam
363 2453 552 2513 referendum
583 2470 658 2512 esse.
703 2453 891 2532 inquiramus
924 2454 1015 2530 igitur
1050 2455 1081 2513 in
1113 2473 1164 2514 eos
1196 2454 1278 2514 locos

146 2573 222 2634 quoe
247 2553 298 2614 ille
321 2554 427 2614 attulit.
471 2555 570 2613 Locus
584 2551 683 2616 Ethic.
710 2551 801 2617 1156.
825 2575 851 2616 a.
877 2554 917 2616 17
939 2562 972 2612 ut
990 2574 1069 2613 nuno
1086 2555 1194 2633 legitur
1213 2577 1279 2628 cum

146 2657 211 2732 ejus
236 2654 413 2714 sententiam
435 2655 774 2726 confirmare⁸videatur,
807 2656 894 2714 aliter
923 2673 972 2714 res
993 2674 1061 2714 sese
1083 2654 1181 2726 habet.
1201 2656 1226 2714 si
1248 2676 1277 2715 v·

148 2755 189 2818 19
222 2777 287 2815 cum
322 2754 386 2814 cod.
412 2753 462 2814 Mb
496 2776 549 2834 pro
581 2749 621 2824 δή
639 2751 672 2812 δι’
698 2757 825 2833 legimus
859 2765 951 2835 atquo
984 2750 1017 2813 δέ
1047 2755 1210 2836 particulae
1242 2751 1279 2813 τέ

148 2877 203 2936 per
239 2856 455 2916 anacoluthiam
492 2856 673 2936 respondere
704 2849 868 2917 statuimus.
917 2857 964 2917 Ea
989 2877 1060 2916 voro
1083 2856 1208 2916 lectione
1233 2878 1278 2920 rc·
1353 2859 1356 2866 ’

146 2967 235 3037 cepte
268 2958 365 3018 locum
399 2958 490 3017 multo
523 2959 739 3022 concinniorem
774 2960 837 3020 fieri
860 2969 995 3039 apparet
1040 2957 1114 3018 Cum
1148 2949 1276 3026 enimv.

150 3054 275 3124 14-16
295 3059 434 3118 dixisset:
471 3054 504 3116 oi
536 3078 573 3115 τε
601 3051 639 3125 δὴ
662 3052 715 3116 διὰ
737 3053 778 3116 τὸ
800 3053 952 3139 χρήσιμον
975 3058 1142 3141 φιλοῦντες
1160 3051 1214 3116 διὰ
1235 3043 1277 3118 ‘cci

146 3155 259 3230 αὐτοῖς
280 3153 408 3238 ἀγαθὸν
430 3155 606 3240 στέργουσι,
628 3157 682 3216 καὶ
704 3161 735 3218 οἱ
748 3152 786 3216 δι’
808 3155 920 3229 ἡδονὴν
943 3157 997 3218 διὰ
1016 3151 1057 3217 τὸ
1073 3155 1185 3234 eiecta
1205 3155 1287 3242 officis

147 3257 200 3319 καὶ
236 3253 295 3340 οὐχ
326 3251 343 3340 ᾗ
379 3257 396 3318 ὁ
420 3251 603 3344 φιλούμενός
636 3260 742 3338 ἔστιν,
775 3255 844 3319 ἀλλ’
869 3249 1092 3342 ᾖχρήσιμοςῆ
1126 3247 1199 3333 tiocia
1218 3261 1276 3324 (luo

147 3363 242 3434 affert.
264 3383 341 3443 quae
364 3384 401 3423 ex
423 3365 481 3424 illis
503 3363 675 3436 efficiantur,
706 3363 830 3425 altemm
851 3357 939 3421 κατοί
962 3353 1148 3440 mutationis
1169 3361 1203 3418 αἱ
1224 3371 1275 3445 ‘Pt-

146 3461 212 3522 λὶαι
243 3455 345 3521 αὗταί
368 3463 456 3540 εἰσιν,
488 3465 613 3524 alterum
635 3457 815 3524 εὖδιᾶλυτοι
836 3466 870 3523 αἱ
896 3459 1052 3523 τοιαῦταί
1074 3461 1163 3538 εἰσιν,
1197 3483 1274 3544 quae

149 3749 224 3816 „Nou
243 3749 327 3814 probe
345 3749 485 3801 cohaerent
502 3767 561 3802 oum
580 3749 769 3816 superioribus,
787 3764 835 3800 nec
847 3749 1005 3816 explicatum
1024 3748 1068 3800 hic
1086 3755 1135 3814 eet,
1152 3765 1275 3814 quorsum

148 3837 278 3901 pertineat
296 3833 343 3884 illa
361 3841 503 3886 memoratu
520 3835 616 3886 divisio
636 3833 740 3904 imperii
759 3837 786 3886 in
805 3835 888 3887 herile
909 3843 935 3886 et
953 3833 1057 3886 civile!

216 3917 243 3984 i)
261 3919 358 3970 Omnes
380 3917 434 3968 fere
452 3919 504 3970 loci
525 3936 556 3972 ex
584 3927 673 3972 nostra
702 3919 851 3987 explicandi
878 3920 980 3970 ratione
1008 3917 1133 3972 facillime
1157 3921 1274 3988 intelligi

149 3959 268 4072 posuit,
294 4019 354 4054 oum
385 4001 525 4054 comodum
551 4008 629 4073 pauci
653 4005 835 4058 difficultatem
863 4005 983 4066 mount,
1010 4007 1050 4060 sio
1081 4003 1187 4059 Rhetor
1210 4005 1275 4056 1408

149 4087 175 4143 b.
196 4091 236 4152 1⁷,
263 4090 362 4140 Poctio.
381 4087 499 4139 14611.
520 4092 560 4140 11.
