3040 4852
780 268 824 342 20
911 367 918 374 .

131 453 151 531 ,’
239 473 328 552 reat,
337 483 407 545 quo
414 458 450 522 τέ
466 465 638 546 excipiatur.
671 430 733 526 Sed
755 467 813 526 alia
833 468 1041 528 sententiarum
1061 469 1134 529 ratio
1157 478 1227 534 est.
1250 469 1365 537 Aristo·
1435 453 1442 463 ¹

239 567 306 626 telis
329 567 496 630 enimcum
515 577 583 627 ante
604 567 745 664 populi
736 571 885 652 imperio
895 568 1059 630 conducere
1090 570 1229 646 dixisset,
1262 571 1288 628 si
1314 590 1380 648 pop

238 669 326 749 pulus
341 677 454 730 crearet
474 667 593 750 quidem
608 672 806 748 magistratus,
827 671 914 730 sedir
933 658 1042 736 tantum
1059 675 1148 731 creari
1163 681 1294 753 possent,
1313 671 1365 750 qui
1401 663 1407 680 '
1459 733 1462 738 ,

140 765 148 778 ’
235 780 349 832 certam
374 769 521 852 quandam
542 773 698 850 pecuniam
717 771 943 851 possiderent]
947 793 994 832 am
1014 773 1244 852 παρενὲιτικοις
1260 791 1365 832 causas

150 887 172 936 .'
238 853 318 935 illius
338 873 482 932 re1affert
502 873 612 952 siquid
626 861 712 932 vided
728 873 817 932 duas:
840 875 962 935 alteram
985 875 1095 956 quodi
1095 885 1210 934 uturum
1225 882 1312 950 esset,
1332 883 1366 931 ut

215 1055 217 1060 Α
235 961 342 1067 optimi
359 976 468 1052 magist
456 973 580 1070 tratibus
600 973 806 1061 fungerenturp
826 975 949 1034 alteram
969 976 1047 1055 quod
1069 977 1193 1062 populus
1214 974 1287 1034 illud
1307 993 1364 1032 non
1406 1019 1408 1024 .

218 1089 222 1096 ⁴
236 1097 329 1174 aegre
343 1077 454 1164 Ιιιιιιιιο
470 1084 563 1136 esset·
556 1119 562 1150 ‚
586 1085 675 1155 quem'
696 1078 872 1138 sententiam
888 1079 1048 1156 optimet
1011 1071 1048 1136 St
1049 1077 1148 1136 ebrius
1163 1079 1204 1136 itu
1222 1061 1365 1136 vertendo

236 1165 382 1238 reddidit.
404 1176 505 1253 „deun
527 1177 576 1270 die
597 1173 720 1238 Aemter
741 1177 905 1238 werden
897 1198 999 1237 rmmer
1019 1179 1050 1236 in
1080 1179 1136 1237 den
1162 1177 1290 1237 Handen
1312 1175 1379 1260 der

207 1318 213 1330 r
238 1281 348 1340 Besten
378 1280 456 1355 sein,
493 1263 576 1338 und
578 1299 657 1342 awar
689 1281 743 1338 mit
765 1279 971 1356 Zustimmpng
1002 1278 1055 1338 des
1075 1279 1170 1346 Volks
1203 1274 1264 1336 und
1287 1278 1365 1336 ohne
1431 1281 1435 1289 “

238 1383 307 1444 dass
339 1401 371 1440 es
394 1380 441 1440 die
463 1378 641 1440 Gebildeten
677 1379 841 1441 beneidete.
846 1383 861 1410 “
905 1381 968 1439 Nos
1007 1389 1086 1440 recte
1115 1379 1250 1457 judicare
1283 1379 1365 1437 locus
1429 1372 1432 1378 ’

174 1549 177 1554 ,
238 1503 276 1543 ex
294 1482 383 1545 Rhet.
409 1481 447 1540 ad
469 1480 559 1544 Alex
583 1481 790 1559 demonstrat,
794 1485 849 1562 qui
872 1483 974 1540 similis
1001 1491 1045 1541 est
1034 1483 1132 1540 tloco
1153 1501 1241 1561 quem
1260 1465 1366 1538 tracta·
1407 1477 1413 1488 '

176 1587 178 1594 ¹
237 1603 311 1659 mus,
339 1581 480 1645 14244.
505 1580 585 1650 15-
590 1581 643 1645 19:
673 1571 758 1640 οὕτω
780 1579 865 1662 γάρ
864 1575 881 1640 ὁ
904 1578 959 1662 μὲν
981 1580 1075 1662 4ἥμος
1097 1602 1196 1702 κιιριος
1219 1567 1261 1638 civ
1280 1571 1365 1637 διδό-

237 1691 290 1750 ’ναι
310 1703 371 1754 τας
388 1677 486 1762 τιμάς
508 1679 555 1753 οἶς
577 1671 618 1741 dv
639 1679 728 1763 ἐθιλιι
749 1691 818 1754 τοῖς
839 1675 1057 1762 λαμβανουσιν
1072 1676 1175 1753 αυτοῖς
1196 1703 1233 1739 ου
1226 1669 1366 1766 <pirova-

236 1805 294 1862 σει,
317 1784 347 1841 οἱ
369 1777 395 1840 4’
384 1778 652 1868 ἐπιφανέστερα
671 1784 795 1863 μᾶλλον
816 1806 875 1854 την
894 1777 1180 1862 καλοκαγαθίαν
1160 1777 1364 1856 ασκήσουσιν,

236 1867 393 1956 εἰδότες”
376 1906 428 1942 οτι
449 1889 490 1942 τό
518 1877 609 1966 παρὰ
628 1893 703 1956 τοῖς
726 1883 875 1956 πολίταις
905 1879 1075 1966 redemptis
1102 1881 1158 1943 οὐκ
1185 1878 1365 1953 ἀλυσιτελὲς

237 1984 349 2072 ᾳιὲτοῐς
372 1988 502 2050 ἐιιται.
509 1987 614 2047 Simili
633 1987 718 2047 modo
741 1988 792 2047 illo
818 1989 1007 2048 Politicorum
1028 1989 1139 2049 loco
1116 2009 1150 2048 s1
1165 1989 1305 2048 concinne
1320 1985 1364 2043 di·

127 2136 130 2142 ,
237 2109 303 2184 cere
326 2089 470 2148 voluisset
493 2083 679 2164 Aristotcles,
703 2089 890 2150 scribendum
912 2091 1030 2151 fuisset.
1068 2083 1105 2146 αι
1125 2108 1161 2146 τε
1182 2080 1244 2168 γάρ
1266 2080 1366 2176 ἁρχαὶ

237 2182 295 2250 αεὶ
285 2149 365 2246 dccl
389 2184 455 2247 cciv
480 2187 697 2265 βελτίστων’
682 2191 815 2248 ε’σονται
842 2187 896 2250 καὶ
927 2186 943 2250 ὁ
959 2189 1063 2269 ,4ῆιιος
1093 2183 1282 2269 βουλήσεται
1310 2185 1366 2244 καὶ

140 2347 142 2356 χ
237 2298 307 2362 τοῖς
328 2285 487 2348 ἐπιεικέσιν
504 2310 541 2346 ου
562 2282 727 2369 φθονήσει,
751 2313 816 2352 cum
831 2314 902 2354 vero
924 2295 1048 2354 alterum
1076 2292 1238 2353 membrum
1266 2292 1375 2375 minus

239 2402 376 2454 accurate
399 2393 584 2472 expresserit,
610 2413 670 2478 non
687 2392 751 2452 'tam
773 2395 932 2472 singularis
954 2394 1077 2475 quidam'
1092 2393 1305 2480 particularum
1328 2387 1365 2448 τὲ

238 2487 299 2575 γάρ
319 2514 399 2554 usus
413 2492 587 2554 statuendus
621 2503 665 2554 est
691 2514 780 2574 quam
813 2496 1006 2569 anacoluthia,
1042 2496 1073 2556 in
1108 2516 1166 2574 qua
1188 2515 1254 2553 cum
1284 2493 1364 2572 apud

158 2658 161 2668 ,
237 2617 338 2672 cinnes
375 2597 532 2675 scriptores
568 2595 698 2656 Graecus
731 2605 792 2655 tum
825 2599 855 2656 in
887 2597 1056 2658 Aristotelis
1083 2597 1216 2656 Politicis
1245 2597 1365 2678 minime

226 2698 423 2774 ‚offendimus
450 2698 576 2756 Restant
602 2697 660 2756 loci
684 2718 758 2792 quos
779 2699 916 2757 Klotzius
936 2700 1033 2760 affert.
1079 2697 1170 2761 1256
1197 2718 1223 2759 a.
1247 2695 1288 2759 23
1318 2716 1364 2756 re·

238 2799 413 2892 spendetv
393 2798 485 2863 ιι.29
519 2793 683 2876 ὁμοίωςδὲ
705 2795 766 2872 καί,
788 2811 893 2860 contra
914 2801 996 2861 locus
1019 2800 1110 2864 1332
1133 2801 1162 2861 b.
1183 2797 1223 2859 41
1249 2797 1366 2860 videtur

236 2909 390 3016 οοιιιιριιιο
414 2919 491 2978 esse
534 2897 608 2958 Cum
632 2901 709 2960 enim
731 2883 909 2990 antecedant
929 2903 1034 2961 verba:
1069 2902 1138 2958 ἔστι
1149 2896 1213 2978 μὲν
1236 2891 1300 2978 ἄρα
1327 2895 1365 2970 οἱς

144 3053 146 3060 .
236 2993 311 3070 τούς
330 2992 447 3085 αὕτοῦς
468 2988 573 3080 ἄρχειν
593 2989 647 3057 aul
671 2994 832 3081 ἄρχεσθαι
851 2998 987 3084 φατέον,
1021 3004 1091 3059 tirus
1114 2996 1194 3058 δὲ
1172 3022 1210 3071 ως
1233 2995 1363 3080 ἑτέρους

128 3127 134 3136 ·
238 3089 320 3160 dicre
343 3098 396 3159 καὶ
415 3095 474 3206 τὴν
506 3098 696 3160 παι4είαιι”
676 3123 764 3161 εστιν
787 3101 826 3172 ὡς
855 3095 915 3172 τὴν
937 3095 1039 3172 αὐτην
1061 3097 1257 3180 ἀναγκαῖον,
1295 3103 1365 3158 ἑὶιτι

233 3197 308 3260 4
287 3223 325 3276 ως
312 3195 457 3282 ςὲτὲραν
478 3199 558 3260 εἶναι
580 3193 770 3302 expectamus
786 3213 817 3263 ut
805 3204 917 3264 tduae
940 3224 1046 3264 causae
1069 3206 1235 3289 afferantur,
1257 3205 1365 3284 quibus

237 3287 393 3400 rusumque
417 3306 578 3388 probetur
622 3303 725 3423 Quod
766 3307 886 3365 minime
920 3307 966 3380 fit,
1012 3325 1077 3364 cum
1115 3305 1189 3364 nihil
1226 3315 1366 3386 sequatur

235 3408 293 3467 nisi
315 3407 424 3467 verbu:
447 3399 508 3464 τόν
530 3426 566 3462 τε
585 3391 649 3484 γάρ
670 3402 828 3484 μέλλοντα
851 3397 987 3476 καλῶς
967 3426 1072 3486 appear
1094 3395 1252 3483 apperirent
1281 3415 1365 3486 φασι

236 3505 301 3565 δεῖν
324 3528 453 3587 προτον
477 3505 558 3590 (nam
581 3527 657 3586 quae
678 3517 746 3587 post
767 3527 803 3570 ea
825 3517 988 3588 sequuntur
1019 3507 1057 3567 ad
1079 3508 1166 3568 aliam
1188 3525 1249 3566 rem
1273 3509 1364 3586 perti-

235 3603 329 3688 nent),
344 3620 385 3672 ,ιιι
420 3609 532 3690 aliquid
552 3608 657 3669 deesse
684 3607 830 3669 videatur.
875 3609 983 3689 Utique
1018 3610 1100 3669 locus
1137 3629 1195 3690 ιιοιι
1225 3609 1263 3666 ab
1285 3609 1363 3666 omni

236 3719 319 3792 perte
341 3691 422 3770 recte
443 3730 511 3770 sese
534 3710 681 3788 habet),
717 3713 760 3771 ita
783 3721 817 3770 ιιι
839 3711 877 3771 ad
899 3731 985 3771 usum
1007 3698 1215 3789 particularum
1236 3703 1272 3766 τὲ
1303 3699 1365 3790 peip
1392 3713 1415 3776 ,'

237 3795 398 3892 quidquam
420 3792 514 3872 exeo
538 3808 615 3872 effici
632 3805 722 3904 'posse
745 3831 863 3889 negem.

235 4024 236 4029 Ἰ
304 4047 330 4112 *)
347 4046 408 4100 dem
427 4046 584 4107 Conrinssiue
604 4051 629 4098 et
648 4047 754 4098 Reinius
779 4045 903 4098 videntur
921 4045 949 4096 id
969 4033 1136 4114 perspexisse
1160 4060 1222 4104 cum
1252 4061 1319 4098 vere.
1339 4048 1363 4100 6.

236 4137 295 4200 ροιι
313 4128 461 4208 ἐλευθέρων
483 4134 603 4209 lacunam
630 4133 779 4214 statuerint.
824 4132 982 4198 Contingius
1004 4132 1080 4216 'enlm
1107 4131 1173 4206 dicit
1199 4129 1240 4182 ad.
1269 4131 1295 4182 h.
1320 4149 1363 4184 ιι
