3040 4852
779 251 823 328 26
889 371 892 378 ,

239 439 369 520 δἐσται,
402 441 471 504 οἷον
491 434 557 506 τῶν
573 437 753 526 μελλόντων
776 469 820 521 τι,
842 442 888 527 ἐφ’
916 439 1059 527 ὁπότερα
1088 445 1246 568 περιέχει
1264 445 1318 506 ναὶ
1338 447 1365 514 ,εἰ

213 570 215 574 ·
239 538 286 604 ἐπ’
299 537 411 628 ἄμφω,
436 537 603 668 ἀμφότερα
622 544 681 614 καὶ
702 539 811 617 ἦνκαὶ
834 549 938 606 ε”·σται
962 537 1025 607 ὅσα
1046 541 1138 608 di
1102 573 1141 629 μη
1159 544 1290 629 περιέχει
1308 571 1364 630 μη

237 639 390 728 dapib*
352 669 413 709 ουτ
443 640 480 718 ἦν
494 640 568 706 οὔτ’
591 650 680 707 εστιν
700 641 767 708 ουτ’
789 651 892 708 ἔσται.

324 744 365 820 Δέ
396 758 464 829 post
486 750 759 828 demonstrativum,
794 743 861 810 enm
893 771 953 810 non
974 755 1167 816 antecesserit
1188 753 1269 832 apud
1289 751 1365 812 rela-

157 901 159 910 .
238 845 386 927 tivum*)‚
416 852 455 912 eb
477 852 640 912 Aristotele
663 852 811 914 rarissime
833 820 998 914 adhibetur
1042 853 1137 932 Phys
1160 853 1232 917 188
1255 875 1282 919 a.
1309 854 1365 916 16:

237 949 291 1011 καὶ
304 947 395 1032 οόχὸ
419 944 518 1024 αὐτός
539 943 668 1033 τρόπος,
683 947 722 1024 ιός
743 950 875 1012 πλίνθοι
887 948 961 1023 έξ’
933 950 1031 1026 οικέας
1047 951 1101 1016 καὶ
1122 951 1204 1012 οἰκέει
1221 953 1253 1013 ἐκ
1261 951 1364 1076 ιπλιν
1382 943 1386 950 ’

37 1067 38 1072 “
138 1087 171 1096 -r
236 1053 315 1129 θων,
350 1073 434 1113 ουτω
464 1049 497 1110 δὲ
530 1049 584 1112 καὶ
604 1039 687 1134 όδωρ
709 1052 764 1112 καὶ
785 1047 846 1134 adp
867 1048 898 1123 ἒξ
920 1046 1064 1126 αλλήλων
1086 1053 1139 1114 καί
1160 1053 1221 1120 Εἰσὶ
1243 1052 1297 1122 καὶ
1318 1053 1364 1133 ii·
1425 1089 1443 1132 ·.
1485 1037 1488 1044 ¹

236 1175 362 1212 νονται
380 1176 438 1236 quo
473 1156 538 1216 loeo
570 1155 712 1235 apodosin
739 1155 960 1236 quodammodo
993 1158 1104 1258 protasi
1127 1159 1234 1238 opponi
1258 1157 1364 1218 elucet.

237 1256 337 1323 Simili
352 1254 907 1336 modoiontasseMetaph.1075.a
934 1254 1054 1330 7-10‚
1077 1277 1166 1337 quem
1188 1259 1294 1322 locum
1307 1259 1366 1320 Bo·

238 1359 345 1418 nitsius
370 1359 412 1434 (v.
434 1358 656 1421 observationes
678 1358 825 1418 criticae
817 1378 846 1416 m
870 1358 908 1419 A.
932 1357 1021 1418 libros
1043 1359 1210 1439 metaphys
1232 1380 1262 1438 p.
1265 1357 1363 1420 19-

150 1477 152 1484 ’
194 1459 216 1522 ᾗ
236 1455 290 1534 21)
311 1460 354 1518 ita
374 1459 556 1547 emendavit:
579 1448 684 1540 ὥσπερ
709 1450 770 1538 γάρ
793 1479 811 1515 o
803 1452 1034 1538 α’νθρόπινος
1053 1465 1135 1532 νοῦς,
1157 1449 1365 1542 [vilipensis

236 1555 415 1631 συνθέτων,
438 1561 552 1638 dicre-iia
569 1581 632 1618 τινι
653 1552 754 1642 χρόνῳ
774 1553 825 1640 (bd
848 1551 910 1639 γάρ
932 1560 992 1638 ἔχει
1014 1553 1055 1617 τό
1079 1551 1113 1618 εὖ
1129 1559 1169 1619 -έν
1189 1557 1269 1639 τῳδὶ
1290 1548 1308 1630 ἢ
1332 1558 1365 1618 ἐν
1434 1545 1436 1552 ’

237 1655 326 1736 τῳδί,
348 1654 418 1718 ἀλλ’
442 1658 474 1720 έν
493 1647 557 1739 ὅλῳ
571 1657 645 1721 ,vrri
663 1654 704 1718 τό
727 1652 871 1741 ἄριστον,
894 1648 931 1719 ὂν
950 1651 1031 1718 ἄλλο
1047 1663 1111 1744 τι),Δ
1122 1649 1224 1732 οὕτως
1243 1655 1281 1730 δὴ
1302 1662 1365 1739 ιξρει

237 1754 320 1830 αὐτὴ
343 1759 441 1832 αὐτῆς
462 1758 479 1831 ἡ
500 1754 604 1834 νόησις
625 1754 686 1820 τόν
707 1749 843 1822 ἅπαντα
859 1756 970 1836 αἰῶνα,
986 1748 1071 1822 οὕτω
1094 1757 1140 1843 δὲ,
1162 1763 1241 1843 quod
1259 1748 1364 1824 omues

191 1859 196 1864 '
234 1861 353 1928 codices
373 1864 527 1945 praebent,
548 1864 668 1926 defendi
688 1872 795 1944 potest,
829 1883 896 1926 cum
921 1863 998 1926 inter
1012 1866 1144 1945 protesin
1163 1873 1194 1924 et
1214 1863 1360 1943 apoduein

236 1967 459 2048 oppositionem
475 1985 542 2028 esse
559 1974 717 2046 appareat.

221 2109 223 2114 ,
320 2069 428 2130 Paullo
447 2069 566 2148 saepius
587 2061 621 2125 δέ
642 2075 747 2149 post
731 2065 759 2124 si
778 2065 810 2127 in
829 2065 952 2148 apodosi
977 2067 1136 2131 invenitur
1182 2044 1270 2144 Quod
1296 2088 1364 2140 cum

124 2169 129 2180 “
235 2191 340 2232 verear
361 2191 400 2230 ne
432 2170 491 2250 qui·
506 2177 627 2247 negent,
665 2170 822 2249 praemitto
861 2171 950 2230 etiam
972 2169 1009 2229 ab
1032 2169 1149 2248 optimis
1171 2169 1363 2248 scriptoribus

239 2289 306 2334 cum
329 2291 415 2334 usum
436 2286 495 2331 non
522 2289 642 2352 prorsus
671 2270 801 2330 alienum
821 2289 898 2341 esse.
942 2269 988 2333 of.
1012 2270 1152 2350 Xenoph.
1176 2269 1246 2350 Gyr.
1268 2271 1314 2354 Vp
1330 2269 1362 2333 5.

235 2372 285 2446 21,
306 2393 394 2454 quem
416 2374 513 2433 locum
537 2353 721 2450 grammatici
743 2373 883 2434 efferunt:
917 2362 988 2432 ἀλλ’
1009 2370 1035 2429 εἰ
1056 2367 1130 2450 μηδὲ
1152 2376 1264 2447 τοῦτο,
1286 2371 1361 2454 ihtes,
1430 2403 1435 2414 x

236 2466 337 2552 βούλει
369 2465 627 2553 ἀποκρίνασθαι,
661 2467 702 2529 σύ
731 2467 766 2530 di
798 2468 992 2534 τούντεῦθεν
1024 2469 1102 2551 λέγε.
1148 2473 1195 2534 Ite
1227 2469 1297 2532 vero
1328 2467 1363 2530 di

170 2555 196 2634 ’.
234 2594 295 2662 nen
314 2575 479 2649 adhibetur,
503 2575 566 2644 ‚nisi
588 2575 746 2655 opponitur
769 2574 908 2656 epodosis
927 2575 1049 2654 protasi,
1082 2573 1119 2637 cf.
1143 2574 1191 2636 F..
1205 2575 1244 2634 V.
1265 2574 1364 2634 Fritz-

234 2677 356 2752 schium,
394 2679 444 2757 qui
477 2679 508 2736 in
532 2677 704 2737 uuiversum
734 2675 772 2736 de
793 2677 938 2758 particula
958 2671 991 2734 δέ
1023 2676 1055 2735 in
1074 2675 1198 2757 apodesi
1220 2685 1364 2756 usurpato

234 2779 389 2861 disputans
410 2767 575 2842 rectissime
600 2769 672 2837 dicit
696 2775 872 2857 (quaestion.
895 2777 1066 2840 Lucianeae
1085 2799 1116 2856 p.
1138 2768 1211 2863 46):
1233 2777 1362 2852 „etenim

232 2890 269 2966 'ut
290 2882 396 2960 reguli
419 2881 605 2963 complectar,
623 2877 794 2958 ubicunque
816 2888 868 2940 aut
889 2879 990 2942 verbis
1011 2879 1173 2957 perspicuis
1199 2886 1250 2938 ant
1271 2895 1363 2950 sensu

85 2961 88 2968 ,
138 3010 143 3019 =
235 2991 314 3070 certe
336 2983 456 3064 quidem
479 2983 544 3062 ipso
574 2987 716 3052 resante
741 2973 856 3060 capitur
877 2982 914 3042 iis
936 3000 1015 3060 quae
1036 2983 1364 3060 sequuntur-contraria

235 3105 324 3165 quarn
345 3085 439 3146 indite
457 3077 515 3168 μέν
534 3083 623 3144 liceat
645 3082 822 3162 explanare„
839 3083 880 3144 ibi
895 3083 1167 3161 graeciseriptores
1185 3083 1277 3161 paulo
1292 3092 1364 3163 post

233 3181 267 3244 δέ
287 3186 445 3250 inferunt.“
490 3187 597 3266 Itaque
619 3186 643 3246 si
673 3183 753 3263 apud
775 3183 967 3248 Aristotelem
989 3184 1046 3243 loci
1068 3183 1112 3245 sio
1135 3186 1296 3263 comparati
1316 3187 1359 3245 in-

235 3289 401 3361 veniuntur,
438 3307 558 3349 causam
592 3291 651 3358 non
686 3277 846 3368 'video-³⁸),
884 3273 950 3344 ευτ’
970 3279 1004 3342 δέ
1034 3293 1100 3364 post
1133 3287 1370 3348 enuntiationem

237 3390 465 3452 conditionalem
502 3386 665 3472 adhibitum
695 3395 777 3446 recte
813 3405 879 3456 sese
915 3387 1027 3448 habere
1060 3406 1204 3465 negemus
1228 3391 1363 3469 quamvis

158 3523 160 3526 ·
234 3492 336 3554 multis
355 3492 443 3563 locis,
477 3490 529 3552 ubi
563 3488 709 3568 oppositio
739 3508 798 3567 non
832 3495 889 3562 est,
923 3487 1097 3552 mutandum
1131 3491 1182 3560 sit„
1223 3490 1269 3550 Of.
1302 3479 1361 3548 Po·
1401 3523 1406 3530 -

233 3595 277 3656 lit.
311 3591 404 3660 1287.
427 3593 455 3660 b.
481 3590 539 3656 13:
576 3591 624 3662 ἔτι
645 3576 667 3668 ό
690 3581 920 3671 καὶπρότερον
948 3584 1104 3670 εἰρημένον
1124 3585 1243 3669 ζέστίν,
1276 3584 1361 3667 εἴπερ

235 3690 252 3752 ὁ
286 3683 365 3774 ἀνὴρ
399 3689 416 3752 ὁ
441 3690 618 3771 σπουδαῖος
648 3685 734 3752 διότι
767 3687 907 3770 βελτίων,
923 3682 1045 3770 ’ἄρχειν
1073 3686 1204 3768 δίκαιος,
1237 3682 1297 3748 cod
1326 3685 1361 3748 δὲ

167 3793 194 3834 ”
235 3789 301 3868 ἑνός
322 3796 353 3854 οἱ
373 3789 430 3855 δύο
453 3789 577 3874 ἀγαθοὶ
599 3789 748 3872 βελτίους.
792 3791 887 3871 Phys.
910 3789 984 3856 215.
1008 3792 1038 3854 b.
1063 3793 1120 3856 12:
1146 3785 1187 3852 τό
1215 3787 1250 3848 δὲ
1272 3785 1361 3850 κενὸν
1470 3777 1474 3785 ’

300 3945 326 4012 ¹⁸)
344 3945 382 3998 Oi.
400 3947 543 3997 Buttmann
560 3944 579 3994 1.
596 3943 614 3994 1.
632 3957 658 4008 p.
678 3943 735 3995 ¹51.

288 4027 328 4096 **)
347 4032 377 4082 ln
398 4047 430 4083 es
446 4031 579 4084 sententis
595 4028 646 4081 hoo
662 4027 809 4092 confirmor,
826 4025 906 4093 qnod
933 4021 1010 4080 ἀλλά
1027 4027 1097 4095 apud
1115 4027 1286 4079 Aristotelem
1304 4041 1359 4080 sas·

234 4118 341 4186 pissime
357 4118 386 4168 in
407 4116 521 4187 spodosi
535 4119 597 4190 post
612 4112 634 4166 si
651 4112 799 4166 adhibetur.
