3040 4852
684 296 815 367 17-

143 490 238 552 ultern
255 487 398 570 particule
418 487 595 567 copulative,
628 484 681 546 sed
713 479 747 542 dl
769 484 946 564 respondet,
982 469 1061 565 qnod
1096 501 1161 544 cum
1195 480 1273 562 opud
1380 515 1384 522 ·

143 592 269 671 optimos
305 592 463 669 scriptores
486 584 580 666 liet*)
613 566 732 648 minime
752 585 882 646 offendit.
927 585 1003 646 Cum
1034 603 1106 648 vero
1140 583 1274 646 nonnulli

143 693 199 754 loci
221 693 433 762 invenirentur,
455 690 564 770 quihus
587 687 660 770 qnid
682 689 847 768 particulae
869 683 906 746 τέ
927 686 1120 768 responderet
1140 707 1199 747 non
1221 703 1273 766 sp-

142 803 259 874 parerer
281 803 371 874 utque
391 791 423 851 id
446 792 573 874 maxime
588 791 652 872 fieri
675 789 834 862 videretur,
857 790 882 850 si
897 785 934 847 ul
954 783 1016 869 γάρ
1038 790 1165 869 positum
1184 797 1273 863 esset,

142 897 293 968 notissime
313 893 367 954 illu
391 893 523 952 doctrine
544 900 648 952 exorte
669 901 716 952 est
729 901 819 970 utque
838 892 968 952 omnium
982 891 1046 951 iere
1069 892 1273 968 grammatico-

143 1015 206 1056 rum
226 1014 371 1056 consensu
394 995 529 1074 proheta,
562 993 738 1071 perticulam
760 987 797 1050 τέ
825 994 857 1052 in
879 992 976 1052 verbis
995 986 1032 1048 τὲ
1052 985 1114 1071 γάρ
1134 1013 1194 1052 non
1209 994 1273 1070 jem

144 1097 290 1177 copulare,
310 1095 363 1156 sed
385 1089 421 1152 τὲ
442 1087 506 1173 γάρ
524 1094 597 1153 nihil
611 1094 693 1155 eliud
708 1093 875 1172 significare
896 1094 952 1152 nisi
974 1091 1276 1193 „namquepmnim“,

144 1200 185 1260 ite
208 1207 241 1258 ut
262 1197 337 1258 nihil
359 1189 579 1257 desidernrctdr
600 1213 659 1276 qno
681 1190 718 1252 τὲ
741 1197 937 1275 exciperetur.
981 1194 1093 1254 Klotzii
1114 1197 1166 1276 qni
1188 1215 1274 1260 eccu-

144 1301 288 1362 tutissime
312 1298 350 1358 de
372 1319 409 1359 ee
429 1317 462 1358 re
496 1297 657 1376 disputavit
690 1296 727 1356 cf.
751 1305 852 1359 annot.
885 1296 923 1356 nd
948 1297 1061 1358 Devnr.
1092 1293 1271 1372 749-152,
1343 1364 1349 1376 ,
1413 1259 1416 1266 Ι

144 1401 234 1484 vorhn
258 1401 331 1462 hoec
351 1408 418 1459 sunt
439 1393 515 1466 (743
539 1398 594 1458 sub
609 1397 730 1475 finem):
774 1396 858 1471 „Sed
881 1406 980 1458 temen
995 1397 1074 1458 hund
1095 1417 1162 1458 rnro
1183 1400 1273 1464 etiem

144 1503 329 1576 factumest,
353 1511 386 1562 nt
408 1496 444 1558 τὲ
466 1492 528 1581 yu'p
549 1500 712 1578 particulae
734 1499 777 1558 itu
797 1498 887 1578 plene
910 1507 1094 1578 ponerentur,
1122 1519 1213 1579 quem
1235 1501 1273 1562 nd

144 1603 264 1666 modum
287 1603 413 1668 Latinus
434 1621 523 1662 voces
547 1601 655 1661 etenim
679 1601 727 1661 vel
749 1620 886 1680 numque,
917 1619 1016 1681 noque
1035 1601 1161 1663 alterum
1180 1623 1272 1664 mom·

145 1705 229 1765 brnm
250 1713 303 1766 eut
323 1711 483 1784 poneretur
504 1712 556 1762 eut
574 1704 603 1761 in
625 1703 741 1781 relique
763 1704 903 1762 cretionis
925 1703 1159 1762 conformatione
1181 1703 1273 1779 signi·

144 1805 281 1866 ficeretur
301 1825 449 1886 quoquam
470 1803 566 1878 modo,
590 1805 697 1883 quibus
719 1806 750 1864 in
772 1805 846 1863 locis
867 1805 1039 1866 rectissume
1061 1799 1102 1866 G.
1128 1805 1273 1864 Hermen-

145 1926 201 1966 nne
225 1906 263 1966 ud
287 1907 440 1987 Sophoclis
462 1905 687 1968 Truclrininrnm
721 1923 840 1964 versum
878 1901 970 1969 1015.
1004 1927 1036 1985 p.
1061 1904 1131 1969 176.
1154 1905 1206 1981 eit,
1237 1900 1274 1962 τέ

145 2006 219 2089 illud
242 2029 299 2069 nou
321 2008 469 2086 copulare,
490 2007 544 2067 sed
567 2007 663 2067 lenius
685 2004 840 2066 adfirmare
862 2025 950 2085 quem
971 2002 1035 2080 τοί,
1071 2005 1151 2066 unde
1172 2015 1273 2066 netum
1343 2041 1347 2048 ·

146 2119 225 2168 esset
245 2119 279 2168 nt
299 2105 479 2170 Germanice
500 2127 553 2187 per
580 2109 614 2184 jn
646 2107 697 2166 vel
719 2108 796 2168 wohl
815 2107 942 2186 exprimi
964 2116 1072 2186 posset.
1117 2107 1158 2166 nt
1177 2108 1208 2168 in
1227 2106 1273 2168 his

145 2209 266 2288 quidem
288 2211 359 2270 lo'cis
380 2211 406 2268 ie
440 2211 492 2289 qui
519 2210 657 2288 loquitur,
693 2207 724 2267 id
757 2228 810 2287 per
831 2203 867 2266 τὲ
889 2203 951 2287 γάρ
975 2209 1133 2289 particulae
1156 2209 1275 2270 videtur

145 2311 225 2372 velle
248 2311 424 2388 significare,
460 2330 493 2370 se
512 2329 577 2370 cnm
606 2309 693 2389 plura
715 2311 936 2370 commemorari
959 2311 1085 2390 possint,
1107 2309 1174 2383 hoc,
1196 2309 1273 2390 quod

141 2413 206 2490 jem
228 2413 328 2484 infert,
351 2432 405 2491 per
421 2405 483 2489 γάρ
502 2412 676 2492 porticulum
698 2431 715 2470 e
738 2411 871 2490 pluribus
884 2409 984 2477 ,rebus
1006 2412 1201 2490 potissumum
1221 2433 1273 2492 pu·

146 2533 227 2590 nere,
263 2524 296 2572 ut
327 2533 451 2573 cnussne
483 2511 609 2572 redditio
632 2533 692 2572 non
714 2515 778 2572 sine
798 2511 925 2593 quedam
947 2513 1274 2593 111111111111111011511110ί

146 2635 214 2695 pag·
234 2613 306 2678 750.
330 2613 429 2673 uddit:
453 2615 635 2693 „poetemore
655 2621 789 2692 tempore
803 2612 872 2672 inde
887 2612 925 2671 sb
940 2609 1103 2676 Aristotele
1118 2614 1274 2676 admodum

109 2733 113 2741 ·
145 2717 325 2796 trequentsri
346 2715 398 2774 ille
420 2715 525 2774 herum
538 2713 748 2793 particulorum
769 2732 840 2774 usus
859 2720 980 2792 coeptus
1002 2714 1080 2772 cst.“
1124 2733 1193 2794 psg.
1212 2714 1282 2793 752Δ

146 2817 220 2878 dnos
241 2818 322 2878 locos
346 2835 386 2878 cx
408 2815 543 2874 Politicis
570 2816 663 2884 effert,
695 2816 804 2894 quibus
835 2814 888 2874 illo
908 2832 981 2874 usus
1002 2813 1121 2893 proberi
1142 2816 1276 2877 videtur:

68 2961 75 2968 -
148 2917 240 2982 1256.
261 2937 289 2978 c.
311 2917 363 2994 23,
400 2915 490 2980 1333.
513 2935 541 2978 u.
564 2915 595 2978 2.
640 2915 727 2976 Solus
746 2917 932 2994 Hnrtnngius
951 2915 1033 2996 qnod
1051 2917 1226 3002 scisml.l.
1248 2919 1283 2983 1.·

146 3035 218 3097 pag.
240 3019 309 3082 115.
343 3019 424 3078 illum
457 3015 620 3076 doctrinam
651 3037 710 3076 non
730 3018 854 3097 occepit,
889 3015 942 3076 scd
963 3017 1149 3080 Fritzschius
1172 3017 1213 3100 (v.
1237 3020 1275 3081 ud

144 3119 245 3198 Echio.
262 3121 360 3185 1161.
383 3140 411 3182 ε.
437 3116 499 3192 18.)
518 3127 620 3177 contre
639 3137 706 3178 oum
727 3117 816 3178 dicit:
861 3117 1041 3190 „Perticalis
1063 3113 1100 3176 vl
1120 3115 1183 3200 γάρ
1200 3119 1231 3182 h.
1255 3121 1276 3181 l.

145 3222 251 3282 eodem
272 3219 369 3292 modo,
402 3239 461 3300 qno
485 3219 585 3278 Latini
619 3220 736 3292 etenim,
773 3217 1040 3294 conscindimur,
1075 3219 1196 3301 dequo
1219 3242 1276 3283 usu

143 3324 254 3386 inieris
276 3324 314 3383 eb
334 3323 491 3398 numago
514 3315 554 3402 (ei
575 3329 663 3392 recte,
687 3339 766 3399 qnee
789 3319 865 3380 dixit
886 3321 917 3378 in
932 3320 952 3384 1.
975 3341 1034 3381 von
1049 3320 1107 3382 den
1122 3321 1276 3384 Partikeln

144 3424 201 3485 der
222 3423 425 3500 griechischen
455 3422 587 3502 Sprnohe
619 3423 643 3495 l,
678 3442 709 3501 p.
732 3419 803 3484 115.
839 3415 989 3500 intelligo)
1018 3420 1200 3496 addubitato,
1236 3443 1275 3482 ex

145 3521 319 3586 Aristotelis
342 3525 459 3603 scriptis
490 3521 564 3581 huec
593 3523 731 3602 exemplu
757 3515 891 3583 subicord
914 3524 1010 3582 visum
1034 3530 1094 3582 est:
1132 3517 1212 3588 Gen.
1234 3525 1274 3589 A.

144 3627 171 3686 1.
187 3618 246 3700 ¹21,
268 3647 297 3706 p.
321 3623 393 3690 729.
416 3625 446 3686 b.
463 3621 496 3698 -9,
530 3623 571 3686 ll.
595 3624 624 3697 7,
646 3643 677 3702 p.
694 3621 766 3686 747.
785 3643 817 3682 n.
839 3621 888 3686 13.
911 3621 1057 3687 Menix
1080 3624 1110 3700 6,
1135 3647 1165 3706 p.
1182 3625 1275 3690 1071.

145 3727 175 3792 b.
199 3725 229 3790 5.
266 3727 291 3791 Ι.
315 3724 345 3796 2,
368 3747 397 3806 p.
419 3724 492 3790 983.
514 3745 543 3792 e.
566 3723 659 3800 6-8,
693 3723 769 3784 Xll.
790 3721 821 3798 9,
843 3745 872 3804 p.
901 3721 990 3790 1086
1013 3746 1041 3788 n
1063 3725 1111 3792 16.
1146 3727 1202 3788 Ν.
1223 3727 1276 3801 27,

144 3847 176 3908 p.
202 3826 293 3894 1024.
316 3849 345 3888 s·
368 3825 418 3890 12.
461 3827 554 3906 Phys.
575 3828 599 3890 1.
623 3825 653 3900 3,
673 3847 703 3906 p.
727 3826 798 3892 186.
821 3827 851 3888 b.
877 3823 927 3890 19.
969 3826 1092 3888 Memor.
1117 3828 1161 3888 11.
1183 3825 1213 3904 8,
1245 3849 1275 3910 p.

151 3945 393 4042 mmm.
412 3981 500 4026 annot.
518 3973 551 4026 sd
569 3975 721 4027 novenum.
739 3989 800 4041 με.
811 3977 870 4026 tlt.
893 3973 1033 4026 Frltuche.
1052 3974 1085 4026 sd
1104 3975 1276 4030 ltmrttccn.

150 4061 224 4112 mse.
243 4077 267 4114 s.
285 4062 334 4126 ²⁶5
365 4057 433 4126 epnd
460 4060 633 4110 Aristotelem
654 4061 768 4111 nerine
787 4053 890 4126 ὁμοίως
908 4049 938 4110 dt
955 4057 1004 4112 tul
1021 4061 1167 4128 porticulus
1185 4065 1217 4115 rt
1236 4076 1276 4114 re·

145 4145 263 4209 muesz.

1079 4251 1095 4300 r
