3040 4852
600 167 636 338 ''—
703 235 747 306 65

159 432 275 513 scriptis
299 433 378 494 haud
401 455 467 494 raro
492 432 675 504 adhibeatur,
709 432 789 492 nullo
824 427 890 494 ioco
922 427 1005 513 εἴπερ
1027 451 1060 510 γε
1081 429 1206 498 inveniri
1228 433 1286 494 nisi

159 533 291 614 Metapb.
327 533 422 600 1071:
447 537 475 598 b.
500 536 558 598 22:
594 527 715 605 ἀϊδίους
741 527 879 614 γάρδεῖ,
918 530 1002 614 εἴπερ
1022 554 1057 613 γε
1072 531 1129 592 καὶ
1150 527 1233 594 ἄλλο
1255 557 1288 594 τι

159 625 275 718 α’ΐδιον,
297 636 362 718 ⁴scd
396 657 461 698 cum
497 633 724 715 3ο1333γ1111
754 638 864 716 optimo
888 632 991 704 codice
1013 635 1059 696 Ab
1081 646 1112 697 et
1132 636 1236 698 codice
1258 637 1287 696 Τ

159 758 218 798 non
241 740 311 798 insit
332 739 492 799 delendum
526 748 579 799 est.
624 739 738 800 Rursus
760 740 851 816 igitur
872 749 1005 818 apparet,
1042 739 1121 819 quod
1138 741 1202 816 jam
1224 759 1287 799 sac-

158 841 225 920 pias
245 841 383 912 vidimus,
405 859 506 900 veram
529 836 693 914 lectionem,
716 862 780 904 oum
802 843 969 911 inveniatur
991 842 1022 899 iu
1045 843 1155 921 optimo
1178 839 1289 912 codice,

159 939 196 1002 ab
217 943 381 1004 editoribus
403 964 463 1001 nou
486 953 636 1023 receptam
661 963 737 1008 esse.
779 934 866 1001 Ἀλλ’
889 939 985 1025 εἴπερ,
1008 926 1046 1007 ci.
1063 923 1226 1008 Fritzscbe.
1249 942 1287 1003 ad

157 1041 229 1105 eth.
256 1043 348 1107 1155.
373 1045 401 1106 b.
426 1043 477 1118 30,
504 1065 593 1124 saepe
616 1045 745 1125 elliptice
768 1047 832 1106 sine
863 1047 954 1106 verbo
978 1043 1142 1120 adhibetur,
1175 1065 1203 1107 v.
1226 1045 1289 1104 Me·
1367 1089 1370 1096 ,

157 1145 237 1224 tapb.
266 1145 357 1210 1044.
379 1166 408 1205 a.
429 1145 550 1210 9-ll:
573 1143 627 1204 καὶ
652 1136 757 1228 ὥσπερ
779 1141 851 1204 οὐδὲ
873 1142 890 1203 ὁ
912 1141 1044 1228 οἰριθμός
1064 1149 1124 1225 ἔχει
1142 1139 1183 1204 τὸ
1206 1145 1286 1226 pnite,-

158 1243 217 1303 λον
233 1238 412 1322 univisset,
438 1239 503 1306 odd
528 1244 543 1316 ἡ
564 1241 652 1305 κατά
674 1241 716 1305 τὰ
730 1244 813 1318 εἶδος
834 1240 941 1325 orinia,
964 1240 1034 1306 ἀλλ’
1054 1243 1149 1328 εἴπερ,
1173 1243 1286 1326 riparii
1341 1289 1347 1296 ·

158 1337 212 1418 τῆς
234 1337 315 1418 ὕλης.
360 1348 560 1423 333111,
588 1347 678 1413 1333.
704 1349 731 1413 3.
756 1350 803 1424 13,
830 1337 926 1414 1313.
943 1372 970 1435 a,
997 1349 1047 1413 11.
1090 1345 1168 1408 ’nav
1190 1361 1220 1411 3
1244 1340 1286 1407 aa

158 1445 343 1529 (saepissima
367 1443 440 1532 κᾶν)
465 1471 531 1510 cunr
552 1453 707 1532 permultis
729 1453 802 1512 locis
825 1454 1021 1524 inveniantur,
1058 1442 1094 1518 ἤν
1117 1452 1198 1512 nullo
1221 1452 1285 1510 loco

159 1552 188 1612 iu
223 1555 339 1631 optimis
371 1553 520 1614 codicibus
553 1556 631 1626 insit,
666 1555 757 1614 miror
791 1554 921 1614 editores
953 1555 1067 1616 Poetic.
1096 1550 1187 1616 1457.
1213 1573 1240 1614 a.
1256 1550 1285 1614 .3

160 1663 259 1713 contra
290 1658 496 1716 auctoritatem
537 1656 646 1716 codicis
678 1659 724 1716 Ac
759 1644 795 1725 riv
831 1647 870 1732 pri
901 1649 1047 1735 ἁρμόττῃ
1081 1656 1234 1734 scripsisse
1245 1655 1284 1728 ²⁸).

160 1753 255 1817 Ethic.
279 1755 372 1820 1167.
394 1757 423 1817 b.
447 1757 489 1820 33
512 1779 566 1836 per
587 1758 805 1826 anacolutbiam
838 1756 990 1836 quandam
1017 1766 1083 1835 post
1110 1757 1285 1836 particulam

158 1847 212 1912 s’oiv
235 1857 395 1918 secuudum
416 1879 501 1918 usum
523 1860 678 1936 vulgarem
692 1879 760 1918 cam
775 1860 975 1936 conjunctivo„
983 1866 1181 1918 constructam
1204 1849 1284 1936 opta·

157 1956 325 2018 tivus·cuu1
348 1951 558 2040 decoquitur:
588 1962 617 2018 οἱ
642 1952 671 2018 d'
692 1952 725 2020 εὖ
749 1951 956 2030 πεποιηκότες
977 1959 1107 2040 φιλοῦσι
1128 1955 1182 2015 καὶ
1204 1952 1285 2036 ἄγα-

156 2049 241 2116 πῶσι
265 2053 340 2130 τούς
363 2054 581 2134 πεπονθότας,
601 2052 661 2121 κᾶν
684 2058 782 2142 μηθὲν
805 2057 862 2120 ὦσι
877 2055 1109 2142 χρήσιμοι,μηδ’
1132 2060 1172 2131 εἰς
1193 2050 1285 2118 ὕστε-

61 2181 66 2190 ·
157 2181 212 2238 ρον
233 2154 363 2238 γένοιντ’
395 2154 445 2237 ἄν,
479 2165 517 2223 cf.
544 2186 581 2226 ea
601 2187 678 2246 quae
698 2165 881 2236 Fritzscbius
904 2165 935 2223 in
959 2164 1089 2226 editione
1119 2163 1157 2222 ad
1186 2164 1284 2224 iocum

156 2263 364 2341 explicandum
400 2267 493 2326 affert.
538 2259 652 2351 ἐάνπερ
687 2288 746 2326 nou
780 2287 870 2346 saepe
901 2267 1059 2338 invenitur,
1095 2265 1133 2327 cf.
1163 2266 1283 2326 Rhetor.

157 2361 253 2428 1417:
276 2366 301 2426 3.
328 2364 376 2440 13,
401 2367 491 2432 rora.
520 2351 609 2432 1313.
632 2390 659 2428 a.
681 2370 711 2442 4,
734 2370 865 2448 Metapa.
891 2367 983 2432 1003.
1008 2388 1035 2430 3.
1063 2366 1112 2442 13,
1137 2367 1229 2432 1333.
1256 2387 1282 2428 a.

157 2465 321 2550 ι131133.
346 2467 418 2532 215.
444 2469 617 2542 33313.
644 2491 671 2534 1.
696 2471 728 2534 4.

598 3214 707 3316 cap.
734 3215 835 3296 VH·
899 3295 902 3302 ,

447 3331 457 3342 ἢ
501 3387 539 3450 De
560 3387 708 3466 partientis
730 3387 942 3468 unp-rantra.

238 3573 288 3631 De
302 3572 455 3651 particulis
471 3571 682 3652 temporalibus
698 3548 764 3632 cuni
779 3572 816 3632 de
831 3569 905 3651 πρίν
927 3591 996 3652 pag.
1013 3570 1097 3638 5-8
1118 3572 1280 3636 viderimus

110 3679 113 3692 '
153 3693 250 3756 pauca
281 3673 386 3734 afferre
422 3676 493 3736 satis
525 3676 591 3740 erit,
635 3676 767 3734 Primum
800 3675 962 3754 particulas
991 3667 1055 3749 ἔως,
1089 3677 1173 3748 ἔστι,
1196 3666 1281 3756 ἄχρι,

149 3773 240 3856 μέχρι
262 3777 403 3838 tractabo.
447 3771 501 3846 ἕως
522 3797 587 3838 curn
610 3779 750 3856 genitivo,
772 3777 851 3858 quod
874 3775 953 3858 apud
975 3777 1133 3856 scriptores
1153 3777 1280 3856 optimos

220 4013 245 4078 ⁴)
264 4013 354 4064 Lectio
372 4008 470 4063 codicis
489 4013 537 4072 Αν,
568 4011 600 4064 de
630 4027 681 4078 quo
708 4012 741 4064 ci.
765 4011 906 4064 Sasernthl.
932 4012 1014 4079 praef.
1041 4010 1074 4062 ad
1102 4009 1165 4064 edit.
1184 4011 1282 4064 Postic.

154 4112 214 4164 pag.
234 4097 281 4148 Vi:
304 4089 334 4162 ἣν
355 4091 392 4166 μὴ
411 4093 543 4170 ἁρμόττει
562 4099 697 4148 retinenda
716 4083 764 4148 cat:

1061 4199 1076 4250 7
