3040 4852
690 263 919 334 13·-

147 458 276 542 pedestri
309 453 462 542 usurhari,
498 459 552 522 sed
584 479 622 520 ne
655 459 694 520 de
728 459 867 540 precariis
895 457 1018 538 quidem
1038 457 1175 522 omnibus
1195 456 1277 518 idem

147 563 257 637 valere,
280 561 417 636 cornelii
439 563 559 642 saepius
584 562 755 637 adhibeant,
792 569 824 620 ut
846 560 1051 639 Thucydides,
1085 561 1137 620 elii
1158 581 1225 622 raro
1244 567 1278 620 ut

147 664 234 724 Plato
265 674 295 725 et
327 673 468 739 oratores,
513 665 550 727 cf.
587 663 752 725 Btumlein.
791 656 984 724 Griechische
1018 663 1175 722 Pertikelu
1206 681 1276 742 pag.

148 765 328 830 tlt-217.
372 765 464 845 Apud
496 762 690 838 Aristotelem
711 759 758 836 τέ,
791 765 875 842 cujus
895 765 942 826 vie
974 764 1080 824 eadem
1111 773 1157 824 est
1188 773 1296 843 utque,

149 869 227 949 apud
250 877 365 930 ceteros
387 869 545 948 scriptores
555 862 603 946 ¹⁸),
635 867 746 928 nonin
770 867 904 928 omnibus
932 866 1049 946 scriptis
1072 868 1137 947 pori
1157 885 1279 926 numero
1336 867 1342 874 '

149 969 313 1045 adhibetur,
347 968 407 1029 sed.
433 969 512 1028 duae
534 965 762 1045 distinguendae
794 977 863 1028 sunt
884 968 1004 1041 cleases,
1037 987 1162 1048 quarum
1184 966 1279 1028 altera

149 1071 276 1132 efficitur
288 1071 514 1150 Metephysicis‚
534 1070 676 1142 Politicis,
697 1069 815 1154 Ethioia
838 1070 927 1144 (libro
947 1068 985 1129 de
999 1070 1108 1130 mundo
1131 1078 1162 1130 et
1185 1069 1278 1128 altero
1321 1116 1323 1122 .

149 1171 413 1234 Oeconomicorum
430 1162 537 1246 libro),
560 1172 653 1234 altere
673 1171 822 1251 Physicis,
835 1171 918 1231 libris
932 1170 970 1231 de
992 1172 1100 1245 enimc,
1111 1171 1279 1234 Rhetoricis
1329 1157 1362 1230 .'

149 1271 247 1356 (libris
267 1273 700 1356 pseudoaristoteleis·prseter
722 1291 788 1344 eos,
821 1292 895 1353 ques
919 1271 1006 1360 modo
1027 1266 1278 1353 commemoravi),
1399 1269 1407 1276 ’

149 1377 182 1438 in
204 1376 261 1438 dlis
284 1377 413 1455 saepius,
432 1377 463 1434 in
483 1375 530 1435 his
551 1376 645 1434 rarius
667 1369 703 1432 τέ
723 1376 755 1434 in
777 1393 862 1434 usum
885 1375 980 1448 venit3
998 1359 1194 1436 ”poeticorum
1216 1394 1278 1434 am·

148 1478 229 1538 bitus
265 1478 359 1538 minor
395 1487 442 1537 est
476 1497 566 1558 quam
599 1485 632 1544 ut
664 1475 704 1536 ed
725 1486 823 1536 utrum
850 1495 945 1554 genus
968 1478 1136 1556 pertineant
1155 1475 1279 1536 definire

153 1579 290 1642 audeam.
315 1575 385 1656 (huc
402 1599 462 1639 nou
479 1579 593 1640 ascriho
616 1598 668 1640 eos
692 1578 782 1651 locos,
805 1577 856 1638 ubi
879 1573 914 1636 τὲ
936 1568 1015 1660 γάρ,
1030 1573 1067 1636 τὲ
1082 1571 1130 1651 δή,
1164 1572 1201 1635 τὲ
1221 1569 1279 1634 οὖν

150 1682 298 1742 iuvenitur
329 1702 359 1742 v.
383 1701 460 1760 quae
482 1682 560 1740 infre
585 1680 623 1741 de
645 1699 682 1740 ee
709 1699 741 1740 re
764 1679 870 1740 dicam.
913 1681 950 1738 In
983 1679 1118 1767 Politicis
1149 1673 1186 1736 τέ
1215 1671 1280 1738 iere

150 1783 306 1862 quinquies
328 1791 359 1860 et
380 1784 472 1843 vicies
484 1779 533 1859 et)
555 1782 712 1852 iuvenitur,
743 1765 776 1842 iu
797 1781 1012 1862 Metephysicis
1029 1782 1130 1861 paullo
1148 1781 1279 1860 saepius,

151 1885 280 1943 omnium
316 1884 491 1963 saepissime
523 1885 553 1942 in
575 1883 700 1964 Ethicjs.
744 1882 856 1944 Contra
894 1893 1000 1964 quater
1035 1885 1066 1944 in
1101 1881 1278 1956 Rhetoricis,
1317 1930 1322 1938 .

151 1985 243 2046 octies
264 1985 295 2045 in
316 1985 465 2064 Physicis.

236 2087 336 2148 Utitur
356 2095 456 2146 autem
468 2085 644 2146 Aristoteles
658 2081 854 2166 particulavi
875 2088 912 2147 iis
926 2087 1054 2148 maxime
1068 2086 1141 2146 loeis
1161 2084 1212 2148 nbi
1225 2087 1278 2160 rei,

151 2208 240 2268 quam
262 2188 354 2249 oculis
375 2190 482 2248 nostris
504 2189 651 2266 subjicere
673 2187 751 2260 vult,
781 2190 941 2267 imaginem
959 2197 1095 2250 accurate
1115 2197 1145 2247 ct
1165 2189 1279 2267 perspi-

152 2309 208 2350 cue
229 2289 373 2370 depingit.
417 2285 508 2366 Quod
530 2311 596 2350 cum
629 2299 784 2368 posterum
806 2292 935 2350 maxime
967 2290 1118 2370 proprium
1151 2308 1217 2348 esse
1238 2290 1281 2349 vi-

153 2389 264 2466 deatur,
299 2392 377 2452 inter
401 2411 505 2452 musas
526 2391 621 2452 fuisse
643 2397 750 2471 potest,
773 2412 824 2452 cur
846 2391 966 2453 abillis
990 2387 1027 2450 τέ
1048 2391 1141 2451 multo
1160 2392 1280 2470 saepius

153 2491 352 2556 adhiberetur.
394 2494 438 2554 Ut
460 2513 499 2554 ex
520 2493 683 2553 Aristotele
715 2494 853 2572 exemplo
875 2495 997 2554 afferam
1010 2515 1049 2556 .v.
1073 2493 1163 2553 Polit.
1188 2491 1280 2556 1314.

154 2593 183 2656 1.
208 2591 386 2658 14-1315.
410 2593 490 2668 114,
522 2595 575 2654 uhi
608 2593 744 2672 singulae
780 2586 889 2673 partes,
925 2595 1033 2675 quihus
1065 2596 1193 2672 tyranni,
1229 2595 1281 2673 qui

153 2695 305 2774 imperium
340 2695 425 2756 bonis
459 2695 569 2756 artibus
601 2698 729 2756 retinere
763 2695 896 2769 studeat,
933 2695 1032 2772 imago
1064 2695 1199 2768 efficitur,
1236 2695 1282 2755 hia

153 2796 251 2856 verbis
294 2795 511 2874 adjunguntur:
553 2795 645 2860 1314.
678 2798 708 2860 1.
743 2797 784 2860 14
814 2799 938 2871 ἄπειρα,
982 2797 1022 2860 16
1055 2782 1133 2864 ὅλως
1159 2815 1207 2872 τε,
1241 2794 1281 2858 18

153 2893 214 2970 καί,
244 2895 284 2959 19
306 2898 355 2954 ἔτι
375 2891 419 2968 δέ,
448 2895 490 2960 23
510 2897 557 2954 ἔτι
579 2891 624 2968 δέ,
651 2895 694 2962 25
728 2891 837 2976 ὁμοίως
859 2894 893 2956 δὲ
912 2895 976 2970 καί,
1002 2895 1043 2960 28
1072 2890 1120 2965 τέ,
1157 2887 1200 2962 36
1232 2889 1281 2974 τέ,
1336 2893 1343 2906 ’

83 3083 99 3112 ι
155 2995 197 3060 38
218 2997 266 3056 ὅτι
286 2992 329 3055 δέ.
357 2996 501 3062 131111.
525 2997 546 3060 4
577 2993 623 3062 τέ.
654 2999 693 3061 V.
715 2999 805 3060 etiam
826 3000 926 3062 Ethic.
951 2997 1044 3062 1177.
1066 3018 1093 3058 a.
1116 2997 1168 3076 27,
1204 2998 1233 3058 b.
1251 3000 1280 3061 1.

220 3283 355 3348 ⁸)cnntra
378 3283 454 3334 Zellii
481 3283 638 3336 seutentiam
656 3283 699 3348 (ad
718 3283 802 3336 Ethie.
830 3283 879 3335 111.
907 3288 949 3336 12.
969 3287 996 3350 8)
1026 3285 1058 3336 τέ
1084 3281 1153 3350 apud
1181 3282 1283 3332 Aristo·

152 3370 231 3419 telem
260 3368 394 3418 nonnullis
415 3369 481 3419 loeis
506 3367 596 3420 eadem
621 3369 816 3435 significatione
841 3371 881 3420 uti
907 3375 985 3436 atque
1003 3364 1041 3430 di,
1062 3367 1127 3418 setis
1145 3366 1230 3416 haheo
1250 3365 1282 3416 G.

152 3453 299 3504 Hermeuni
316 3453 398 3504 verbe
418 3453 546 3516 attulisse,
566 3456 600 3505 ef.
618 3454 651 3504 de
665 3458 811 3522 praeceptis
828 3453 983 3520 quibusdem
996 3451 1178 3504 Atticistarum
1188 3451 1283 3501 disser-

152 3543 199 3590 tat.
218 3553 307 3606 opusc.
325 3538 347 3589 1.
364 3539 430 3592 269:
456 3538 637 3604 „Quemquam
655 3555 719 3592 vero
737 3542 845 3592 neusin
864 3540 986 3590 omnibns
1004 3538 1104 3604 linguis
1120 3539 1186 3588 setis
1203 3538 1283 3588 licen-

152 3629 193 3676 ter
214 3623 346 3676 dominari
355 3623 442 3698 ‚solet
469 3639 522 3674 nou
540 3629 580 3675 est
601 3629 698 3686 umen,
725 3625 794 3690 quod
813 3623 955 3690 quidquam
977 3625 1006 3676 in
1035 3624 1086 3677 hoo
1114 3637 1212 3690 genem
1228 3627 1281 3676 tan

152 3713 251 3762 temere
272 3709 329 3760 fleri
351 3710 539 3774 existimemus,
557 3714 658 3762 utnon
676 3708 830 3786 adsensum
849 3709 951 3778 aliquid
970 3711 1085 3776 intersit,
1103 3711 1143 3762 sic
1161 3723 1193 3761 an
1205 3707 1283 3760 aliter

151 3795 285 3860 loquere!
382 3827 387 3834 -

210 3875 249 3946 V)
267 3877 312 3930 sed
330 3877 400 3929 haud
416 3881 508 3943 paucis
524 3879 591 3932 locis
609 3880 730 3934 homines
754 3882 824 3934 docti
842 3898 895 3932 non
913 3881 972 3932 sine
989 3893 1069 3932 eausa
1086 3877 1281 3942 dubitaverunt,

151 3969 240 4014 utrum
269 3966 300 4018 st
329 3963 438 4016 retineri
465 3965 599 4032 poeniten
618 3961 647 4018 tt
671 3967 837 4018 scribendum
864 3967 908 4018 eit.
943 3965 1011 4016 Vide
1033 3963 1120 4017 Stahr.
1150 3965 1182 4017 ad
1204 3963 1282 4016 Polit.

154 4048 539 4114 1111.1.11,1198.1.28,
567 4051 642 4108 1311.
663 4052 688 4104 1.
711 4055 750 4116 11,
781 4047 959 4116 1111111,
987 4053 1062 4104 1811.
1080 4065 1104 4101 a.
1124 4053 1167 4112 41,
1194 4049 1221 4101 1.
1239 4050 1282 4116 80,

152 4135 229 4188 1188.
244 4151 271 4188 a.
290 4137 333 4202 21,
353 4135 428 4188 1818.
446 4133 472 4188 1.
494 4137 540 4190 te„
