3040 4852
743 215 909 370 ἰν-ἱ
1020 261 1023 268 ·

241 412 367 508 siluae
388 447 421 508 11
442 457 473 508 a
491 447 550 511 111.
572 468 642 529 pag.
665 445 715 521 ιι,
737 444 786 522 ae,
809 404 859 524 eo,
891 447 941 521 33,
976 447 1026 522 64,
1054 457 1086 508 ut
1112 410 1211 533 ι...
1231 467 1263 508 a
1284 446 1368 528 quru-

75 587 86 606 „
163 591 165 594 -
240 569 335 630 quam*
349 549 459 609 addere
487 571 544 610 non
565 569 639 631 opus
659 552 708 611 sit.
754 551 815 612 Sed
849 551 904 610 hoc
938 551 1057 611 videtur
1090 551 1269 611 monendum
1293 569 1369 614 esse,

237 651 414 731 particulam
439 645 477 721 δή
500 652 530 712 vi
554 653 743 712 consecutiva
764 655 795 712 in
818 653 884 712 eliis
897 637 991 712 libris
1015 655 1201 734 saepissime;
1234 655 1264 712 in
1301 651 1369 711 eliis

197 761 199 766 '
238 755 315 813 setis·
340 775 406 812 raro
441 756 495 830 uti.
541 755 720 834 Saepissime
755 757 833 814 enim
868 756 913 815 its
943 755 1100 815 adhibetur
1128 753 1163 816 *in
1196 755 1368 814 Ethicorum

194 865 205 896 ·'
237 854 320 915 libris
342 855 429 915 VIII.
453 855 510 918 IX.
533 857 573 930 X,
596 857 691 916 rarius
711 857 750 920 in,
763 857 810 917 ΙΙΙ
826 865 856 916 et
871 857 924 930 IV,
946 858 1093 918 nonnullis
1115 866 1228 916 tantum
1249 855 1323 916 locis
1337 857 1391 916 in:

91 957 93 962 ⁴
143 961 144 966 ’
235 957 464 1020 1.11.V.V1.
491 959 566 1033 VII;
599 937 816 1078 hletaphysica,
840 957 979 1076 Physica,
1014 959 1080 1030 libri
1103 953 1141 1019 de
1163 960 1261 1019 anima
1283 959 1368 1050 quasi

179 1174 185 1196 ¹
234 1155 336 1234 tonde,
371 1161 502 1236 Poetice,
537 1161 674 1236 Politice,
712 1163 777 1222 ubi
792 1154 941 1222 rarissime
964 1157 1002 1230 δι’
1031 1163 1095 1222 eam
1120 1143 1368 1241 significationem

97 1245 102 1251 ⁸
133 1327 140 1340 „
233 1261 333 1323 habat.
379 1261 466 1337 Quae
488 1282 553 1322 cum
578 1265 620 1323 ita
643 1249 752 1324 sintin
776 1263 823 1324 his
847 1264 962 1343 scriptis
995 1273 1046 1324 aut
1077 1265 1164 1324 uliam
1194 1263 1368 1344 particulam

186 1363 191 1373 '
234 1358 332 1422 locum
354 1365 518 1450 particulae
541 1357 579 1446 dri
601 1365 736 1426 obtinere
759 1383 834 1445 opus
858 1373 903 1426 est
935 1376 987 1426 aut
1021 1375 1118 1431 totam
1142 1365 1260 1426 dicendi
1282 1365 1370 1423 ratio·

142 1509 147 1514 -
195 1475 197 1482 ’
233 1485 302 1526 nem
325 1467 413 1526 aliam
435 1487 511 1538 esse,
530 1467 605 1527 illud
626 1469 737 1527 factum
760 1477 806 1527 est
827 1471 858 1527 in
881 1467 1021 1541 Politicis,
1056 1469 1105 1546 ubi
1128 1464 1238 1526 τοίνυν
1257 1467 1395 1545 saepis.

236 1568 310 1626 sime
329 1565 487 1641 invenitur,
508 1569 616 1631 hocin
631 1567 806 1640 Rhetorrcis‚
832 1568 868 1628 de
892 1569 1000 1649 quibus
1014 1572 1092 1630 infra
1111 1569 1223 1650 dicam,
1237 1568 1275 1628 de
1290 1569 1369 1627 Poe
1382 1603 1385 1611 ·

233 1670 300 1729 ticis
323 1666 497 1749 quidquam
509 1669 712 1737 contendere
720 1681 842 1766 propter
875 1691 997 1751 parvum
1034 1673 1100 1732 libri
1121 1639 1264 1732 ambitium
1287 1667 1367 1729 haud

236 1765 327 1832 ausus
350 1773 414 1832 sim
1184 1785 1187 1790 '
1280 1783 1282 1787 ’

318 1849 420 1934 Pauca
441 1873 579 1934 addenda
597 1883 665 1960 sunt
685 1875 723 1934 de
745 1869 836 1946 δη
809 1889 875 1937 curn
895 1851 1080 1956 imperativo,
1110 1877 1141 1935 in
1166 1875 1369 1934 enuntiatione
1394 1953 1398 1961 1
1512 1937 1513 1954 ,

205 1977 456 2054 interrogativa,
494 1985 561 2056 post
591 1952 749 2038 relativum
771 1978 912 2040 adhibito
957 1971 1018 2045 Δή
1024 1995 1090 2037 cum
1110 1975 1285 2056 imperativo
1308 1995 1369 2038 non

238 2099 275 2140 eu
295 2080 337 2138 uti
359 2093 447 2158 posse
464 2077 683 2160 significatione
716 2088 840 2160 apparet
860 2099 947 2159 quam
968 2079 1047 2158 apud
1070 2080 1185 2138 Atticos
1208 2077 1307 2151 habet,
1337 2086 1370 2136 ut

197 2261 201 2270 ι
236 2188 401 2260 usurpetur,
431 2181 454 2238 si
472 2173 543 2259 'quis
564 2199 629 2240 cum
661 2182 689 2240 vi
713 2181 750 2242 ab
771 2173 834 2242 rem
858 2181 1006 2261 quandam
1031 2180 1240 2261 perficiendum
1264 2178 1366 2239 admo·

132 2297 175 2372 ζ
235 2291 331 2345 notur.
377 2281 472 2358 Quem
495 2282 573 2341 enim
594 2291 681 2362 putas
715 2282 755 2342 ab
775 2282 937 2363 Aristotele
969 2281 1146 2354 admoneri?
1188 2282 1296 2360 Itaque
1316 2283 1369 2341 im·-

235 2387 388 2464 peratitue
422 2404 487 2443 cum
519 2385 622 2461 vigore
652 2383 780 2463 quodam
814 2406 866 2464 pro
889 2383 1049 2442 indicativo
1071 2385 1186 2462 positus
1210 2391 1255 2442 est
1276 2390 1369 2462 atque

237 2479 275 2556 δή
294 2489 337 2545 ita
360 2483 577 2564 explicandum,
598 2495 631 2544 ut
654 2507 717 2545 rem
733 2489 822 2566 quasi
844 2486 1037 2546 manifestam*
1052 2485 1160 2546 nostrie
1183 2485 1275 2544 ocblis
1297 2485 1367 2546 sub·

232 2588 326 2666 jiciat.
371 2587 502 2654 Maxime
525 2589 555 2646 in
577 2571 746 2648 Rhetoricis
769 2579 807 2659 δή
829 2591 870 2648 ita
892 2587 930 2647 ad
953 2607 1003 2647 eas
1026 2577 1162 2646 notiones
1182 2586 1370 2675 definiendas

235 2699 394 2770 usurpatur
428 2689 536 2770 quibus
568 2699 631 2748 tota
663 2691 812 2770 inquisitio
844 2701 931 2770 quee‘
953 2691 1086 2770 sequitur
1121 2698 1154 2748 ut
1189 2689 1232 2748 ita
1270 2688 1381 2748 dicam·

158 2833 160 2838 .
236 2793 348 2856 nititur.
404 2791 453 2852 Of.
487 2787 580 2856 1368.
616 2792 646 2851 b.
679 2794 717 2856 6:
763 2783 972 2871 διορισάμενοι
1009 2781 1064 2848 οὖν
1095 2783 1136 2846 τὸ
1169 2781 1288 2848 ἀδικεῖν
1320 2785 1367 2848 λε’·

122 2903 127 2914 “
160 2917 162 2922 ·
210 2896 337 2972 ‘yones
365 2884 438 2962 ἑξῆς*
468 2893 550 2949 ebroe
584 2884 622 2962 dir
652 2885 693 2950 τὸ
726 2888 846 2952 ἀδικεῖν
871 2885 912 2950 cd
949 2885 1105 2968 βλάπτειν
1126 2884 1243 2950 ἑκόντα
1276 2889 1367 2970 παρὰ

236 2986 297 3052 too
319 2985 426 3074 νόμον,
449 2990 542 3057 1355.
562 2995 591 3057 b.
614 2992 664 3068 26.
689 2993 781 3058 1360.
804 2996 832 3055 b.
860 2993 909 3068 14,
932 2987 1023 3058 1362.
1050 3014 1076 3055 a.
1100 2993 1150 3070 tl,
1175 2991 1267 3056 1363.
1292 2993 1320 3058 b.
1338 2994 1367 3068 8,

171 3148 181 3161 .
237 3093 331 3159 1378.
360 3115 388 3156 a.
415 3094 467 3172 31,
504 3094 596 3160 1380.
625 3117 651 3158 a.
684 3097 712 3170 7,
748 3097 776 3159 b.
798 3094 849 3169 35,
889 3095 980 3160 1382.
1009 3117 1035 3154 ιι.
1057 3095 1107 3168 21,
1145 3093 1237 3159 1383.
1262 3095 1290 3157 b.
1315 3093 1365 3170 13,

238 3195 340 3273 1385,Ι
354 3218 380 3258 a.
404 3195 502 3267 17‚⁷b.
526 3193 576 3260 13.
619 3197 728 3258 Rarius
750 3199 801 3258 ille
834 3217 905 3258 usus
941 3200 970 3284 in
993 3198 1096 3256 ceteris
1117 3197 1233 3276 scriptis
1254 3197 1366 3256 inveni-

237 3281 298 3375 tur3
323 3297 376 3360 sed
398 3299 548 3386 nonnullis
571 3299 654 3371 locis,
679 3301 808 3360 maximo
836 3301 1041 3380 Physicorum,
1078 3291 1118 3367 dri
1149 3299 1369 3378 curn‘impcra·

236 3403 487 3480 tivoueurpatur,
521 3402 572 3461 ubi
599 3403 724 3480 scriptor
748 3401 786 3460 ad
810 3403 1000 3473 sententiam,
1034 3401 1122 3481 quani
1144 3410 1212 3460 ante
1234 3401 1365 3480 protulit,

238 3503 441 3564 illustrandam
479 3487 649 3581 exemplum
686 3505 751 3584 ipse
787 3503 879 3582 fingit.
928 3504 1021 3583 Phys
1055 3496 1366 3570 266.a.10-16:

230 3595 309 3664 ’Ότι
331 3599 374 3662 δὲ
385 3597 476 3662 τοῦτ’
512 3598 615 3686 ἀμερὲς
644 3600 823 3684 ἀναγκαῖον
856 3601 936 3666 εἶναι
964 3603 1019 3663 καὶ
1041 3601 1147 3724 μιῖδὲν
1127 3605 1272 3682 νέχειν
1282 3600 1366 3683 μέγε-

238 3709 305 3784 θος,
339 3712 395 3766 νῦν
416 3697 559 3786 λέγωμεν,
584 3713 714 3788 πρῶτον
745 3705 816 3788 περὶ
849 3699 914 3766 τῶν
947 3683 1109 3830 npocs'poiv
1139 3693 1242 3764 advod
1272 3702 1367 3787 διορί·

147 3881 149 3886 .
238 3829 362 3880 σαντες
386 3799 512 3866 τούτων
527 3800 641 3867 δ’ἑν
606 3829 660 3889 μεν
675 3797 801 3866 ἐστιν’Ι
783 3828 836 3865 οτι
849 3803 909 3924 prix
930 3805 999 3872 οιοι
1000 3828 1037 3866 τε
1058 3800 1149 3866 οὐδὲν
1170 3805 1367 3888 πεπερασμέ-

238 3919 410 3986 νονιιιινεῐν
425 3903 554 3993 ἄπειρον
567 3903 692 3993 χρόνον.
715 3906 790 3992 τρία
812 3901 873 3991 yolp
892 3907 975 3994 ε’στι,
1004 3904 1043 3968 τὸ
1064 3917 1180 3983 κινοῦν,
1202 3901 1243 3967 τὸ
1265 3904 1365 3968 uvad—
1424 3921 1427 3926 '
1512 3927 1513 3986 j

151 4053 154 4069 .
238 4033 341 4093 μενον,
363 4003 402 4070 cd
425 4011 456 4072 ἐν
480 4006 502 4091 ᾧ
525 4011 637 4094 τρίτον
657 4008 673 4070 ὁ
697 4005 818 4093 χρόνος.
847 4017 961 4081 ταῦτα
983 4007 1016 4070 δὲ
1039 3999 1056 4082 ἢ
1082 4007 1190 4072 πάντα
1212 4002 1327 4090 ἄπειρα
1348 4001 1381 4082 ἢ·
